3100 4400
572 497 606 540 xl
892 495 970 538 PARS
985 495 1080 538 PRIOR

347 753 383 796 ne
397 753 448 796 neo
461 751 535 805 ιιρω.
627 719 777 817 Shelley
809 721 845 794 in
882 720 1108 796 Prometheo
1139 729 1210 796 'suo
1243 721 1376 796 vinclis

573 835 696 911 soluto
710 852 933 934 apparatum
948 862 1207 934 personasque
1221 838 1376 934 aeschy-

572 952 651 1027 leas
666 968 857 1026 mutuatus
876 968 953 1026 est:
971 953 1071 1027 idem
1090 953 1168 1027 sere
1186 953 1375 1050 utrimque

573 1085 633 1142 est
651 1065 810 1165 Apollo;
836 1067 971 1142 Furiae
991 1083 1119 1142 autem
1139 1067 1375 1165 shelleyanae

572 1183 737 1257 referunt
751 1182 877 1279 potius
892 1181 1152 1280 primordiales
1167 1182 1248 1257 illas
1259 1183 1374 1257 Diras

574 1323 686 1395 quam
715 1298 946 1372 Eumenidas
974 1297 1209 1395 aeschyleas:
1245 1299 1371 1386 immn,

573 1439 620 1486 ne
636 1415 799 1488 somniat
817 1413 970 1510 quidem
986 1412 1137 1510 Shelley
1152 1414 1283 1488 Furias
1297 1441 1386 1497 um-¹

574 1555 686 1625 quam
715 1527 920 1603 benevolas
948 1529 1101 1615 suturas,
1132 1529 1212 1604 sive
1240 1531 1375 1604 Eume-

573 1643 692 1717 nidas.
723 1643 968 1719 Prometheus
987 1644 1088 1742 apud
1109 1643 1261 1741 Shelley
1279 1645 1373 1718 deus

573 1759 726 1855 quidam
762 1774 832 1845 est,
867 1759 931 1855 qui
964 1758 1114 1834 labores
1151 1761 1375 1834 cruciamen·

572 1889 687 1970 taque
715 1873 851 1948 tolerat
881 1875 1073 1949 hominum
1107 1901 1239 1962 causa;
1274 1876 1373 1949 Zeus

572 2007 698 2065 autem
731 1989 851 2064 malus
888 1992 1040 2065 omnino
1078 2006 1118 2066 et
1149 1990 1371 2078 malevolus;

573 2131 672 2205 pone
700 2131 798 2204 quos
826 2106 863 2179 in
892 2105 987 2181 solio
1015 2107 1181 2182 eburneo
1210 2106 1374 2182 Daemo-

491 2258 495 2267 ·
573 2248 719 2321 gorgon
739 2222 849 2296 sedet
867 2224 1102 2310 tenebrosus,
1125 2224 1303 2311 informis,
1324 2226 1374 2299 in-

573 2363 679 2434 gens,
701 2335 802 2411 haud
831 2337 987 2411 multum
1015 2339 1187 2414 diversus
1219 2340 1269 2414 ab
1303 2339 1371 2413 illis

573 2452 729 2549 Vergilii
759 2453 874 2528 Fatis.

627 2567 776 2665 Religio
792 2585 851 2643 est
870 2596 967 2666 quae
987 2571 1137 2669 ingenio
1151 2572 1249 2646 vatis
1268 2597 1374 2668 prae-

573 2683 673 2757 sidet
699 2684 871 2781 finesque
898 2687 933 2759 ei
961 2687 1197 2784 praescribit:
1225 2687 1373 2761 Miltoni

573 2798 704 2897 religio
733 2801 911 2898 imposuit
930 2802 1069 2877 Iahven
1091 2803 1370 2890 Hebraeorum;
1417 2812 1422 2820 '

572 2941 675 2990 mera
704 2916 885 3013 religione
904 2918 1061 2993 deorum
1080 2946 1233 2993 suorum
1254 2920 1374 3017 genti-

572 3030 661 3106 lium
690 3031 896 3120 instinctus
926 3034 1091 3130 Apollini
1120 3035 1281 3132 derogat
1298 3035 1374 3110 Ae·

575 3147 722 3245 schylus
754 3147 939 3224 honores:
974 3150 1111 3225 humile
1143 3166 1289 3225 tantum
1321 3151 1374 3224 os·
