3100 4400
333 890 430 933 Danteis
442 890 531 933 Inferis.

565 482 630 523 XLil
847 478 924 521 PARS
939 478 1090 521 SECUNDA

565 708 691 803 abyssi
711 706 866 779 fundum
889 704 1096 778 descendet
1115 720 1295 801 eruetque
1315 706 1372 779 in-

566 823 716 896 fandum
731 822 802 895 hoc
819 819 1049 895 monstrum?
1069 820 1157 893 Non
1174 836 1234 894 est
1251 847 1374 897 ausus

567 938 637 1011 sibi
664 939 798 1035 ingens
818 953 856 1010 et
874 936 1148 1010 formidandum
1168 963 1264 1033 opus
1282 964 1371 1033 pro

567 1080 707 1151 ponere
736 1051 962 1148 Aeschylus;
993 1067 1032 1124 et
1060 1053 1122 1148 qui
1152 1079 1237 1126 eum
1262 1078 1372 1149 prae-

567 1185 759 1243 cesserant
796 1193 843 1241 ne
880 1182 1004 1240 mente
1045 1167 1198 1264 quidem
1240 1194 1372 1242 conce-

567 1300 711 1381 perunt.

620 1400 660 1473 Si
679 1400 716 1473 id
731 1426 861 1473 verum
876 1401 925 1474 sit
939 1400 1043 1497 quod
1064 1401 1200 1473 dixerit
1213 1400 1370 1497 quidam

567 1517 692 1590 nescio
725 1515 820 1613 quis,
859 1517 1069 1590 Promethei
1101 1542 1238 1612 nempe
1266 1516 1373 1590 sabu-

566 1632 638 1706 lam
655 1633 690 1705 in
707 1632 931 1706 carminibus
950 1632 1156 1728 aeschyleis
1177 1630 1369 1728 shelleyis-

566 1775 640 1847 que
668 1748 782 1821 vitam
811 1774 936 1846 agere,
968 1773 1037 1821 nec
1069 1748 1186 1821 utrius
1220 1747 1372 1823 faculta-

566 1882 642 1937 tem
671 1864 739 1937 nisi
769 1890 816 1936 ex
844 1862 991 1960 aequali
1020 1862 1172 1936 alterius
1192 1862 1369 1937 facultate

567 2006 681 2077 posse
696 1980 901 2053 aestimari:
919 1995 1112 2076 oporteret
1128 2004 1197 2052 nos
1213 1979 1248 2051 in
1265 1978 1370 2053 Shel-

566 2096 636 2192 leyi
657 2122 676 2166 c
696 2095 919 2169 Prometheo
940 2095 1159 2169 Revincto»
1181 2095 1371 2168 continua-

567 2227 645 2285 tum
665 2211 901 2307 aeschyieum
921 2237 1016 2306 opus
1032 2226 1247 2307 expectare:
1264 2212 1370 2307 quod

568 2326 1369 2422 inveniturminime;Shelleyienimanimus

568 2443 619 2515 ita
646 2458 705 2515 est
733 2442 871 2515 amoris
900 2442 936 2514 vi
964 2442 1138 2539 percitus
1159 2442 1297 2515 amoris
1316 2443 1370 2515 di-

567 2557 640 2630 vini
661 2572 701 2630 et
719 2557 841 2630 aliena
855 2583 969 2630 causa
988 2559 1175 2653 patientis,
1193 2574 1234 2631 ut
1253 2559 1287 2632 ei
1301 2584 1372 2631 nec

567 2673 734 2769 opinanti
750 2699 771 2746 e
787 2689 911 2746 mente
927 2672 1153 2748 dilaberetur
1171 2673 1291 2746 omnis
1310 2699 1370 2746 co-

566 2788 699 2886 gitatio
728 2787 908 2861 scelerum
935 2789 1067 2884 poenis
1088 2788 1367 2861 solvendorum.

566 2903 729 2976 Tantum
748 2905 891 3000 gaudet
910 2902 1061 2999 Shelley
1082 2905 1156 2976 risu
1177 2905 1369 2977 innumero

567 3019 742 3116 aequoris
771 3019 959 3106 fluctuum,
986 3035 1028 3092 ut
1055 3020 1283 3115 reciprocam
1307 3045 1369 3092 eo-

570 3161 648 3207 rum
664 3136 782 3209 aciem
806 3135 1013 3233 ringentem
1030 3134 1290 3232 fremitumque
1305 3161 1366 3208 vo
