3100 4400
370 740 406 783 De
420 741 471 782 Deo
485 740 558 792 lapso.

595 497 652 540 xlv
903 493 981 537 PARS
996 493 1092 536 PRIOR

595 736 701 820 gunt,
737 717 966 794 immortales
999 716 1093 804 illae,
1128 717 1255 792 omnia
1288 744 1400 814 pene·

596 854 750 923 trantes,
781 834 1036 920 multiformes
1057 834 1206 932 gemina
1234 835 1397 921 numina,

596 953 646 1026 dii
666 951 857 1050 aequales,
873 951 1002 1049 Supra·
1010 966 1157 1024 vastam
1176 948 1400 1025 tumultuan-

596 1085 748 1170 temque
786 1068 965 1165 abyssum
1010 1064 1205 1164 fulgebant
1248 1082 1398 1141 ostenta

596 1185 683 1271 duo,
714 1185 944 1281 sanguineus
974 1182 1155 1256 Cometes
1185 1197 1225 1255 et
1250 1181 1399 1257 Lucifer

597 1300 700 1374 sidus
724 1300 957 1385 matutinum,
979 1315 1019 1374 et
1036 1298 1162 1372 radios
1182 1324 1273 1372 suos
1292 1324 1398 1394 prae-

595 1416 721 1490 liando
764 1415 981 1489 miscebant.
1028 1413 1214 1488 Proelium
1251 1431 1399 1511 spectat

596 1532 738 1628 primus
757 1546 939 1604 terrarum
955 1529 1083 1616 incola,
1100 1529 1211 1626 eique
1230 1546 1399 1627 pugnant

596 1649 692 1721 inter
723 1673 765 1721 se
797 1672 930 1720 omnes
963 1646 1099 1721 mentis
1132 1644 1393 1744 cogitationes,

596 1779 803 1837 consonant
830 1787 966 1859 nempe
995 1760 1190 1835 horrendis
1222 1760 1397 1836 coelitum

596 1878 669 1951 iris.
700 1878 797 1952 Cum
825 1903 1008 1975 praeceps
1041 1876 1173 1950 cecidit
1206 1878 1241 1950 in
1275 1877 1396 1952 undas

595 1992 758 2092 fulgidus
789 1992 848 2067 ille
872 1992 1028 2078 Luciser,
1059 2017 1263 2066 conversus
1282 1993 1396 2067 homo

596 2109 717 2184 fratris
746 2109 803 2182 sui
835 2109 1054 2207 sanguinem
1087 2108 1200 2193 ludit3
1234 2124 1274 2182 et
1309 2108 1397 2184 inde

596 2226 823 2321 triumphum
843 2226 922 2323 egit
941 2224 1095 2311 Malum,
1125 2224 1288 2321 malique
1322 2224 1395 2301 Ge-

596 2342 689 2428 nius,
721 2341 971 2416 inselicissimo
1003 2341 1200 2415 dominans
1232 2340 1394 2428 mundo;

596 2457 788 2530 hominum
803 2457 902 2530 enim
922 2482 1061 2530 novum
1080 2482 1202 2554 genus
1220 2456 1293 2531 huc
1314 2457 1396 2532 illuc

594 2575 754 2659 errabat,
793 2573 1011 2659 famelicum,
1041 2573 1322 2670 vagabundum,
1345 2589 1396 2648 te-

594 2706 691 2763 trum
720 2704 760 2762 et
786 2687 988 2774 horridum,
1014 2687 1132 2761 lerum
1151 2705 1190 2762 et
1213 2688 1395 2785 quidquid

595 2821 698 2878 esset
724 2804 814 2877 boni
834 2829 1029 2901 perosum:
1062 2803 1198 2877 Hostis
1216 2804 1316 2877 enim
1336 2803 1394 2879 ille

593 2919 849 2993 adversarium
879 2945 987 2992 suum
1016 2918 1262 2992 immortalem
1290 2919 1395 2994 Luci·

595 3035 722 3121 serum,
754 3035 959 3108 formosum
987 3050 1102 3132 atque
1122 3035 1326 3131 benignum
1347 3036 1395 3109 de

553 3222 561 3243 ‚
594 3149 712 3223 forma
744 3149 892 3223 siderea
925 3165 1135 3225 mutaverat
1166 3150 1204 3223 in
1231 3175 1394 3248 anguem

1542 1367 1544 1406 l

1542 1475 1544 1514 l

1542 1522 1543 1553 l
