3100 4400
384 737 474 780 Lucifer

413 820 437 852 ru

328 880 425 924 Danteis
437 880 525 923 luseris.

561 478 614 524 LlV
839 478 916 521 PARS
931 478 1082 521 SECUNDA

615 705 665 779 Et
692 704 752 779 vel
779 705 851 779 hos
879 704 1060 803 pauculos
1088 704 1377 805 languidosque

561 822 674 895 divini
703 820 915 918 splendoris
943 819 1070 895 radios
1094 821 1260 895 abolebit
1285 824 1379 897 dies

560 937 621 1011 illa
636 936 832 1012 tremenda
846 936 985 1024 iudicii;
1003 953 1090 1010 tunc
1104 963 1223 1034 regno
1236 937 1288 1010 illi
1304 940 1376 1013 do·

561 1053 688 1127 loroso
706 1069 900 1126 aeternum
918 1052 1056 1126 insidet
1068 1053 1155 1126 viva
1167 1051 1230 1126 illa
1245 1053 1374 1129 Mors,

617 1168 713 1242 Sunt
739 1170 776 1241 in
805 1168 935 1243 ultimo
963 1184 1073 1243 cantu
1091 1167 1162 1243 loci
1187 1169 1372 1257 nonnulli,

562 1285 625 1383 qui
645 1284 705 1358 vel
724 1283 906 1358 illustrare
925 1284 986 1358 vel
1005 1283 1196 1357 confutare
1213 1284 1374 1359 videan-

562 1416 623 1475 tur
659 1426 757 1498 quae
796 1400 974 1473 diximus:
1008 1418 1120 1475 certe
1161 1400 1374 1475 ostendent

562 1532 642 1590 tum
671 1516 762 1589 mire
790 1515 933 1589 varium
963 1531 1041 1588 tum
1071 1541 1217 1589 summe
1248 1540 1372 1589 unum

562 1658 649 1706 esse
687 1632 897 1706 Lucisemm
937 1632 1130 1718 danteum,
1178 1658 1372 1706 summum

563 1773 699 1843 nempe
729 1748 845 1821 nefas
878 1747 1074 1821 ludeccam
1094 1764 1181 1821 sunt
1204 1748 1372 1844 ingressi

564 1864 712 1937 Dantes
737 1862 1015 1961 Vergiliusque,
1036 1879 1207 1960 quartam
1227 1879 1267 1937 et
1285 1864 1372 1937 ulti-

563 2004 662 2052 mam
697 1996 844 2075 partem
880 1978 1003 2077 circuli
1040 1979 1147 2052 noni:
1186 1978 1236 2052 ibi
1273 1980 1373 2052 deti-

563 2111 696 2168 nentur
725 2094 788 2192 qui
819 2096 1003 2168 bonorum
1033 2094 1246 2191 proditores
1275 2096 1373 2168 exti-

564 2226 688 2286 terunt
715 2212 972 2285 dominorum:

697 2407 703 2419 .
719 2407 725 2418 .
742 2407 747 2418 .
764 2408 769 2419 .
785 2376 888 2418 l’ombre
902 2365 960 2418 tutte
973 2389 1028 2419 eran
1040 2381 1142 2429 coperte,

697 2449 717 2489 E
731 2451 849 2499 trasparen
863 2461 928 2490 oome
941 2447 1029 2490 festuca
1042 2449 1066 2490 in
1079 2453 1152 2490 vetro.

669 2520 733 2561 Altre
747 2524 830 2561 stanno
845 2521 969 2572 agiacere3
979 2521 1038 2562 altre
1046 2525 1130 2562 stanno
1138 2524 1193 2570 erte,

696 2591 778 2642 Quella
790 2592 827 2645 col
842 2604 907 2643 capo,
922 2605 935 2634 e
949 2592 1026 2643 quella
1038 2592 1097 2633 colle
1113 2592 1202 2643 piante3

695 2663 767 2713 nura,
783 2663 842 2705 com’
851 2675 913 2715 arco,
928 2663 944 2705 il
958 2675 1016 2715 capo
1030 2663 1050 2705 a'
1060 2662 1121 2715 piedi
1138 2663 1233 2706 inverte.

1044 2742 1106 2796 (Ιηί,
1121 2755 1142 2786 c.
1157 2744 1201 2796 34).

618 2854 624 2866 .
641 2853 646 2866 .
663 2855 669 2866 .
685 2855 691 2867 .
707 2824 800 2866 stabant
813 2824 915 2876 undique
928 2829 990 2866 totae

617 2896 783 2938 circumtectae
796 2897 896 2946 umbrae,
912 2908 939 2938 ac
952 2896 1012 2938 sleut
1026 2895 1112 2938 festuca
1126 2895 1207 2938 nitenti

617 2967 701 3009 Clausa
713 2968 781 3016 vitro,
797 2967 886 3009 illarum
901 2968 934 3010 sic
948 2968 1102 3010 translucebat
1117 2968 1208 3018 imago:

616 3039 685 3080 Stant
698 3039 762 3088 aliae,
779 3039 908 3090 multaeque
921 3039 1004 3090 iacent,
1015 3039 1058 3080 hae
1068 3038 1091 3079 in
1100 3039 1193 3090 vertice,
1203 3042 1227 3080 et
1236 3037 1290 3081 illae

617 3112 644 3152 ln
659 3110 755 3161 pedibus
768 3114 855 3152 rectae:
869 3109 899 3152 ad
914 3110 972 3152 talos
987 3111 1107 3161 invertere,
1122 3114 1148 3151 ut
1161 3121 1234 3160 arcus,

617 3182 672 3224 Vidi
685 3182 742 3224 alins
755 3183 840 3223 vultus.
937 3236 942 3243 Ι
