3100 4400
385 711 475 754 Lucifer

418 784 442 827 in

330 855 425 898 Danteis
440 854 528 899 Inferis.

564 464 668 507 XXXIX
843 465 921 507 PARS
936 464 1086 509 SECUNDA

620 690 731 787 (Quis
761 690 874 787 igitur
905 690 1116 765 mortalium
1153 718 1227 767 non
1261 719 1369 768 vere

564 807 745 881 cundetur
773 822 812 880 et
839 823 1066 894 revereatur,
1094 834 1209 905 quum
1229 835 1367 883 munus

564 948 689 997 meum
708 922 792 996 satis
812 923 1040 997 destinatum
1059 948 1104 997 ac
1123 924 1280 999 deorum
1299 952 1367 1023 po-

563 1038 690 1123 tentia,
720 1054 763 1112 ut
790 1062 837 1111 eo
865 1037 1015 1135 penitus
1044 1037 1251 1137 iungamur,
1273 1040 1364 1113 mihi

563 1179 783 1228 concessum
820 1152 987 1253 audiat?)

616 1376 694 1451 Sed
722 1376 826 1474 quod
855 1392 914 1451 est
942 1377 978 1450 in
1008 1375 1199 1450 Eumenisi
1224 1378 1364 1473 praeci-

561 1507 839 1591 puum—nota
863 1518 990 1567 earum
1010 1508 1049 1566 et
1067 1492 1363 1566 character-id

561 1609 742 1706 estquod
761 1608 810 1681 de
831 1608 1003 1705 Erinnysi
1024 1608 1187 1683 affirmat
1196 1608 1360 1696 Athena,

569 1752 587 1796 c
606 1749 733 1798 earum
753 1723 915 1797 officium
943 1723 1045 1798 haud
1073 1722 1178 1797 facile
1198 1740 1363 1820 praeter·

561 1840 781 1913 mittendum
810 1865 897 1913 esse
915 1866 953 1925 r,
979 1855 1038 1914 est
1056 1855 1182 1913 autem
1199 1839 1362 1913 officium

560 1955 630 2029 illis
659 1980 789 2029 curare
817 1972 858 2029 ut
877 1955 1038 2029 iustitiae
1059 1955 1229 2029 satisfiat.
1251 1955 1362 2029 Hanc

560 2087 685 2144 tamen
718 2070 843 2167 legem
875 2096 1021 2168 aequae
1054 2071 1089 2144 in
1128 2069 1361 2146 facinorosos

559 2186 744 2261 vindictae
773 2213 842 2261 nec
862 2187 988 2262 verbis
1008 2213 1076 2262 nec
1094 2185 1273 2284 symbolis
1291 2213 1361 2262 nec

558 2328 722 2400 persona
748 2302 873 2400 aliqua
901 2329 925 2377 a
944 2329 986 2378 se
1005 2328 1225 2401 expressam
1245 2303 1360 2377 fuisse

558 2419 695 2493 fatetur
712 2418 924 2516 Aeschylus
944 2420 1075 2516 inipso
1095 2418 1156 2494 illo
1175 2418 1356 2506 dramate,

558 2536 594 2608 in
623 2562 698 2633 quo
727 2551 883 2609 conatus
912 2551 972 2609 est
999 2536 1221 2631 exprimere.
1250 2535 1359 2608 «Eu-

557 2651 763 2725 menides»
797 2651 895 2723 enim
918 2651 1125 2748 tragoedia,
1156 2651 1187 2723 si
1217 2676 1292 2724 non
1320 2651 1357 2723 in

556 2767 787 2853 executione,
814 2765 947 2840 saltem
976 2766 1012 2839 in
1041 2783 1225 2863 conceptu
1244 2765 1357 2864 longe

555 2884 670 2957 abeo
698 2899 758 2956 est
785 2898 827 2956 ut
845 2909 928 2956 cum
948 2882 1173 2956 Prometheo
1193 2882 1241 2955 sit
1260 2907 1354 2956 com·

555 2999 737 3094 paranda:
762 3015 802 3072 et
820 2998 983 3096 quidem,
1005 2998 1042 3071 ni
1061 3023 1170 3072 casus
1194 2998 1357 3072 obstitis·

555 3128 623 3201 set,
645 3113 867 3211 Aeschylus,
889 3129 931 3187 ut
958 3140 1006 3188 ex
1034 3139 1103 3187 suo
1131 3114 1356 3189 Prometheo
