3100 4400
365 826 462 870 Dantelr
475 824 563 869 Inferis.

599 431 629 474 Ll
876 433 954 475 PARS
968 432 1118 476 SECUNDA

599 656 801 753 personam
829 682 899 730 nec
924 657 1104 754 antiquae
1131 682 1254 753 neque
1275 681 1411 731 recen-

599 773 714 847 tiores
742 772 872 846 literae
899 771 1117 846 obtulerunt
1142 797 1314 869 unquam
1335 798 1409 845 nec

599 888 694 962 forte
713 906 801 963 sunt
818 886 1025 962 oblaturae.
1046 887 1182 985 Aeque
1211 888 1326 961 nobis
1359 888 1411 961 fa-

599 1004 711 1078 stidio
726 1020 787 1079 est
804 1003 965 1078 danteus
981 1002 1129 1077 Lucifer
1146 1028 1190 1077 ac
1209 1002 1410 1077 miltonius

599 1118 761 1195 Satanas
788 1118 1039 1193 admirationi:
1063 1119 1113 1193 ab
1132 1144 1179 1192 eo
1197 1117 1324 1193 aliena
1345 1132 1410 1192 est

598 1235 720 1309 omnis
734 1234 870 1332 gloria:
892 1252 952 1309 est
965 1234 1214 1331 nequitiarum
1232 1236 1409 1308 omnium

598 1351 701 1425 fons:
732 1350 957 1447 praetendat
983 1350 1082 1424 mille
1111 1350 1268 1446 species,
1295 1367 1407 1425 totus

597 1465 717 1540 malus
745 1482 805 1540 est
836 1483 876 1540 et
907 1466 1093 1564 malignus
1126 1510 1178 1521 —
1211 1492 1407 1539 summum

597 1598 658 1656 est
687 1582 816 1669 Nefas,
847 1582 1041 1656 Summum
1075 1582 1218 1657 Malum
1250 1598 1290 1656 et
1324 1610 1407 1657 om·

598 1699 698 1771 nium
722 1714 962 1795 peccatorum
982 1698 1261 1795 facinorumque
1280 1698 1404 1773 archi-

598 1830 730 1888 tectus.
748 1813 943 1911 Siquando
962 1815 1124 1910 priorem
1145 1814 1303 1887 Luciferi
1325 1830 1404 1887 sta-

598 1945 676 2003 tum
705 1930 948 2027 praestringit
976 1930 1135 2015 Dante5‚
1175 1929 1328 2026 oblique
1365 1929 1402 2002 id

598 2046 684 2119 facit
711 2046 863 2119 omnino
891 2061 930 2119 et
957 2071 1026 2142 per
1045 2047 1244 2142 ambages:
1266 2063 1403 2120 contra

598 2188 644 2237 ea
671 2163 708 2236 in
736 2178 847 2236 cantu
875 2161 1005 2235 ultimo
1039 2161 1176 2236 Inferni
1216 2161 1401 2236 infinitam

598 2280 678 2352 eius
707 2279 924 2352 foeditatem
953 2294 992 2352 et
1009 2278 1278 2361 immanitatem
1299 2281 1401 2353 adeo

597 2393 841 2466 vehementer
854 2409 974 2491 urget,
992 2410 1033 2467 ut
1048 2393 1283 2468 intolerando
1294 2409 1402 2469 esset

598 2509 747 2582 fastidio
775 2509 846 2582 nisi
874 2509 994 2583 Vates
1023 2509 1200 2607 singulari
1229 2535 1298 2583 sua
1315 2527 1400 2584 arte

597 2624 745 2721 poetica
773 2624 997 2720 symbolicas
1026 2625 1319 2722 significationes
1343 2653 1401 2701 re-

503 2806 506 2813 .
596 2742 668 2814 bus
695 2740 905 2814 indidisset.
926 2741 989 2813 An
1008 2739 1161 2850 aliquod
1180 2766 1401 2816 monumen-

597 2872 675 2929 tum
711 2871 829 2929 restat
856 2855 1084 2930 celsissimae
1113 2856 1208 2930 illius
1236 2859 1401 2954 vegetis-

597 2972 790 3068 simaeque
805 2970 961 3044 mentis?
972 2970 1136 3045 Tantum
1147 2987 1223 3046 stat
1237 2972 1400 3047 nominis

597 3087 728 3159 umbra
753 3086 927 3160 Luciferi:
949 3104 1009 3161 ast
1027 3087 1098 3161 iste
1117 3088 1255 3161 nedum
1275 3114 1399 3185 usque
