3100 4400
528 482 619 525 XXXV
808 482 886 524 PARS
900 481 1050 525 SECUNDA

371 737 442 780 uera
528 706 649 805 Vienu
681 723 797 804 atque
834 707 947 781 Sivae
984 706 1122 781 idolon.
1163 708 1327 782 Buddhi-

391 822 406 852 ¹¹
529 849 632 897 smus
660 839 788 898 autem
815 823 949 897 eadem
985 824 1130 899 ratione
1163 840 1240 898 stat
1277 825 1324 898 ad

529 939 874 1013 Brachmanismum
906 964 950 1014 ac
986 938 1113 1037 lingua
1149 939 1236 1014 itala
1278 942 1327 1015 ad

527 1054 690 1142 latinam,
722 1056 1054 1129 Protestantismus
1087 1056 1136 1129 ad
1166 1055 1331 1130 Catholi-

528 1171 699 1257 cismum;
729 1187 768 1245 et
797 1171 1124 1245 Brachmanismus
1144 1172 1273 1245 nititur
1290 1172 1329 1245 li·

527 1286 604 1360 bris
619 1287 837 1374 vedanticiS,
854 1286 970 1361 literis
985 1287 1063 1360 suis
1078 1287 1206 1361 sacris.
1220 1287 1330 1361 Veda

527 1418 653 1476 autem
681 1402 772 1499 quid
797 1401 880 1476 est?
900 1403 971 1476 Est
989 1403 1207 1499 complexus
1227 1403 1329 1501 hym-

528 1544 671 1605 norum,
692 1518 756 1615 qui
784 1519 1013 1592 antecedunt
1041 1545 1172 1593 omnes
1202 1518 1329 1593 literas

528 1633 726 1708 hellenicas
755 1650 795 1707 et
821 1633 881 1708 vel
910 1634 1030 1730 ipsam
1049 1632 1215 1732 linguam
1235 1633 1327 1708 Hel-

528 1748 664 1836 lenum,
695 1750 809 1822 immo
838 1750 997 1824 sortasse
1025 1766 1065 1823 et
1086 1751 1326 1824 sanseritum:

528 1864 612 1937 fons
633 1879 693 1938 est
710 1862 899 1938 literarum
920 1866 1085 1939 omnium
1104 1866 1326 1939 arianarum.

530 1979 571 2051 In
600 1979 718 2052 Vedis
747 1995 808 2053 est
836 1979 978 2077 Dynus
1001 1980 1058 2053 cui
1083 1997 1329 2077 congeneret

527 2096 759 2191 cognominis
774 2111 835 2168 est
849 2094 1049 2169 Hellenum
1060 2097 1169 2183 Ζευς,
1183 2097 1330 2170 Latino·

527 2237 608 2284 rum
625 2209 829 2307 Diespiter,
843 2211 998 2308 Jupiter,
1015 2239 1082 2287 seu
1094 2213 1210 2308 Janus
1226 2212 1331 2311 (Dia-

527 2326 613 2424 nus)
634 2327 799 2399 omnium
826 2341 944 2423 pater,
966 2343 1074 2424 pater
1091 2327 1328 2414 universalis;

527 2456 566 2515 et
584 2440 678 2514 deus
692 2439 784 2514 lucis
799 2456 859 2514 est
868 2441 1032 2529 Varuna,
1050 2443 1106 2516 cui
1122 2469 1331 2540 cognomen

526 2556 627 2652 apud
657 2556 839 2630 Hellenas
872 2562 1015 2648 Οὐρανὸς,
1052 2559 1130 2632 sive
1165 2559 1327 2645 Uranu5‚

528 2670 685 2758 Coelus;
705 2671 882 2747 Varunae
902 2687 1085 2769 cognatus
1104 2689 1164 2747 est
1183 2674 1327 2760 Mitras

527 2786 592 2861 Sol
607 2786 838 2885 splendidus.
854 2787 942 2860 Alio
957 2789 1106 2863 nomine
1122 2806 1181 2863 est
1196 2790 1330 2864 Mitras

526 2903 631 2977 Aditi
650 2905 728 2978 sive
757 2904 929 3000 Adityas,
952 2904 1097 2979 'scilicet
1126 2906 1328 2980 Infinitum:

526 3022 584 3094 cui
618 3022 821 3118 opponitur
852 3021 942 3109 Diti,
972 3022 1128 3096 finitum.
1159 3022 1220 3096 De
1250 3022 1330 3096 Diti

525 3137 634 3211 huius
667 3138 958 3235 proprietatibus
991 3164 1106 3212 unum
1138 3138 1208 3212 hoc
1241 3140 1330 3213 certi
