3100 4400
528 458 560 502 lV
834 455 912 496 PARS
927 454 1021 497 PRIOR

529 679 686 764 Lucifer,
725 679 761 752 vi
794 693 834 752 et
864 677 1021 752 audacia
1053 675 1228 751 Satanas.
1263 676 1332 751 Sa-

528 811 636 869 tanas
665 809 724 868 est
760 795 824 891 qui
853 792 951 868 bella
970 793 1070 878 ciet,
1100 792 1164 889 qui
1197 808 1328 889 portas

528 909 761 984 obserandas
790 910 945 983 suadet:
981 907 1142 982 Satanas
1182 924 1242 982 est
1277 951 1330 964 -

528 1025 586 1099 hic
623 1041 748 1098 autem
790 1041 921 1098 auctor
956 1022 1121 1109 visionis
1159 1024 1330 1121 quisquis

528 1140 647 1224 luerit,
669 1139 851 1237 contingit
879 1138 1075 1212 Miltonem
1103 1139 1178 1236 qui,
1200 1156 1242 1212 ut
1266 1164 1331 1212 no-

528 1256 661 1341 vimus
694 1281 880 1328 summum
909 1254 1005 1328 hunc
1032 1254 1179 1328 mediae
1211 1255 1332 1328 litera·

529 1389 634 1446 turae
661 1369 831 1468 anglicae
860 1369 1048 1443 satiricum
1076 1369 1229 1444 assidue
1251 1395 1331 1444 ver-

530 1488 718 1561 sabat-
754 1486 818 1583 qui
852 1486 1051 1560 Astrotum
1088 1486 1250 1559 concitat
1280 1485 1330 1558 ad

530 1601 722 1699 pulverem
750 1601 902 1699 igneum
932 1616 971 1676 et
995 1617 1183 1675 tormenta
1201 1600 1330 1676 bellica

530 1716 769 1802 conficienda,
802 1745 820 1788 ‹
848 1732 890 1791 ut
916 1717 1018 1814 prius
1046 1716 1192 1791 Auctor
1220 1716 1330 1790 Lucis

531 1833 741 1906 detineatur
765 1858 879 1930 quarn
908 1832 1170 1929 splendoribus
1203 1831 1331 1906 oculos

531 1961 681 2021 nostros
713 1963 890 2022 occoecet
915 1975 952 2022 ›.
988 1947 1063 2042 Qui
1091 1975 1182 2022 vero
1211 1973 1330 2045 regno

531 2063 691 2137 obscuro
702 2064 964 2160 imperitabant
973 2089 1128 2137 necesse
1141 2063 1332 2137 habebant

531 2179 630 2254 dicto
649 2179 846 2255 audientes
861 2205 959 2254 esse.
977 2179 1116 2254 Narrat
1134 2194 1331 2277 praeterea

532 2294 629 2370 Petri
639 2295 812 2370 Aratoris
827 2311 957 2369 auctor
975 2295 1268 2392 patriarcharum
1283 2320 1331 2368 ex

531 2411 653 2485 inseris
681 2409 950 2497 liberationem,
981 2412 1029 2485 de
1057 2435 1133 2508 qua
1159 2409 1255 2507 (sive
1282 2410 1331 2483 de

532 2526 679 2624 pseudo
702 2524 898 2624 evangelio
919 2525 1131 2625 Nicodemi)
1157 2524 1334 2599 inclutum

532 2642 620 2717 illud
649 2642 860 2739 episodium
888 2657 948 2714 est
978 2640 1114 2715 Dantis
1152 2640 1187 2713 in
1223 2655 1332 2713 cantu

532 2775 667 2857 quarto
696 2757 911 2832 Inferorum.
942 2756 1019 2831 Sed
1048 2758 1183 2831 obruta
1208 2756 1276 2829 suit
1293 2771 1332 2829 et

532 2874 656 2949 deleta
671 2874 763 2947 haec
779 2873 1043 2948 catholicorum
1058 2873 1247 2946 hominum
1263 2886 1334 2944 tra-

532 2990 623 3064 ditio
644 3014 742 3063 novo
758 2988 863 3063 coelo
883 3013 1054 3085 novaque
1074 2986 1216 3073 tellure,
1234 3010 1333 3083 quae

533 3105 569 3177 in
602 3104 728 3178 literas
765 3104 930 3202 anglicas
968 3102 1167 3178 intulerunt
1199 3101 1333 3176 scenici
