3100 4400
573 493 627 535 Ltlt
851 490 928 532 ants
943 488 1094 531 SECUNDA

396 750 487 793 nun
572 714 661 789 ciser
696 740 763 788 seu
799 713 994 786 Summum
1032 711 1175 785 Malum
1210 711 1378 785 lucratus

340 822 537 937 „melfium
571 848 631 905 est
658 855 771 905 coeco
800 828 857 903 sui
884 854 1013 902 amore
1041 828 1188 901 ductus.
1218 827 1267 900 Et
1295 828 1379 923 qui·

572 947 659 1019 dem
675 944 884 1019 Luciferum
899 969 985 1019 esse
1004 969 1142 1017 novum
1161 944 1198 1015 in
1218 942 1376 1016 modum

572 1061 680 1136 simul
694 1061 820 1134 vivum
838 1075 953 1158 atque
972 1076 1160 1134 mortuum
1175 1059 1377 1133 confirmat

572 1177 620 1263 id,
653 1176 755 1274 quod
794 1176 970 1249 Farinata
1006 1175 1124 1249 Danti
1164 1174 1377 1271 respondet

571 1292 781 1390 inquirenti,
811 1292 946 1389 perditi
973 1292 1010 1365 in
1030 1292 1191 1367 Tartaro
1219 1290 1376 1389 qualem

571 1407 736 1482 habeant
758 1433 881 1481 rerum
910 1406 1099 1481 notitiam:

676 1813 722 1855 Nol
736 1813 851 1865 veggian
866 1825 932 1855 come
945 1814 998 1865 quet
1011 1813 1031 1855 c'
1041 1813 1071 1855 ha
1085 1813 1146 1856 mala
1158 1814 1216 1864 luce,

703 1886 736 1927 Le
750 1897 811 1936 cose,
825 1884 895 1936 disse,
910 1886 954 1927 che
967 1898 997 1927 ne
1010 1896 1053 1927 son
1068 1885 1174 1935 lontane3

703 1957 804 1999 Cotanto
818 1968 889 1998 ancor
903 1969 933 1999 ne
946 1955 1042 2008 spteude
1056 1957 1071 1997 il
1085 1968 1174 1998 sommo
1189 1958 1259 1998 Duce.

678 2027 777 2078 Quando
791 2028 962 2079 s’appnuaaano¹
977 2040 993 2069 o
1006 2039 1056 2077 son,
1071 2031 1132 2069 tutto
1145 2031 1159 2069 ὲ
1172 2038 1233 2069 vano

704 2099 791 2139 Nostro
803 2098 923 2146 intelletto.
938 2110 952 2139 e
964 2098 983 2140 ε’
990 2098 1042 2140 altri
1055 2099 1094 2139 nol
1108 2097 1129 2139 ci
1143 2102 1246 2150 apporta,

704 2170 774 2213 Nulla
788 2181 866 2222 sapem
880 2169 904 2211 di
918 2174 997 2212 vostro
1010 2174 1071 2212 stato
1084 2181 1177 2213 umano.

678 2241 734 2283 Pero
748 2253 858 2282 conoscer
871 2241 934 2293 puoi‚
948 2241 992 2284 che
1005 2245 1065 2284 tutta
1083 2247 1158 2284 morta

705 2313 747 2354 Fia
761 2317 839 2354 nostra
852 2324 993 2354 conoscenza
1006 2312 1037 2354 da
1050 2314 1102 2364 quel
1116 2317 1196 2364 punto,

706 2383 755 2425 Che
771 2382 809 2424 del
824 2382 899 2424 futuro
913 2382 944 2425 fia
956 2383 1036 2424 chiusa
1048 2383 1073 2425 la
1087 2388 1160 2435 porta.

1056 2480 1118 2533 (lni,
1133 2483 1207 2535 c.1o).

651 2644 656 2656 .
673 2645 679 2655 .
696 2643 701 2655 .
718 2645 725 2657 .
739 2615 796 2665 Nos,
812 2614 867 2657 laesi
880 2614 967 2656 lumine
980 2614 1010 2656 ad
1024 2614 1103 2666 instar,

650 2687 714 2736 Quae
728 2687 808 2738 procul
822 2698 837 2729 a
850 2686 916 2728 nobis
929 2686 1018 2729 distant
1030 2692 1128 2730 ventura
1141 2693 1242 2740 tuemur:

649 2759 703 2798 Dux
717 2769 837 2809 supremus
850 2757 926 2800 adhuc
939 2759 984 2800 hoc
998 2758 1065 2800 nobis
1078 2759 1164 2802 lumine
1179 2760 1292 2812 splendet,

648 2828 732 2879 Inquit,
748 2828 790 2870 sed
803 2829 913 2880 quicquid
926 2830 1021 2881 propius
1035 2831 1147 2873 succurrit
1159 2831 1261 2884 adoetve,

649 2901 719 2942 Fallit
732 2901 842 2943 continuo
856 2906 957 2944 mentem
970 2903 1125 2954 praesentium
1139 2904 1242 2953 inanemz

649 2975 680 3015 Et
693 2973 736 3014 nisi
750 2973 802 3024 quis
816 2973 904 3023 doceat,
919 2986 955 3015 res
968 2978 1056 3016 vestras
1069 2975 1128 3016 scire
1142 2975 1269 3027 nequimus.

648 3044 767 3097 Conjieere
784 3044 839 3086 hinc
853 3045 893 3085 tibi
908 3045 958 3097 erit,
974 3045 1041 3088 nobis
1054 3050 1080 3087 ut
1094 3050 1143 3088 tota
1155 3047 1239 3098 peribit

596 3145 598 3148 -
647 3116 690 3159 Vis
703 3115 863 3168 cognoscendi,
879 3121 1000 3168 postquam
1014 3117 1045 3159 sit
1062 3117 1139 3160 clausa
1158 3117 1227 3160 futuri

650 3188 729 3230 ianua.
