3100 4400
402 768 492 812 Lucifer

431 839 455 882 in

346 910 442 953 Dantds
456 910 544 954 Inferis.

579 512 633 554 XLI
859 512 937 555 PARS
952 512 1102 556 SECUNDA

634 739 715 816 Nec
743 740 926 815 absonum
954 739 1044 813 illud
1071 755 1132 815 est
1159 740 1261 838 quod
1295 741 1385 815 Pro

579 856 717 931 methei
752 862 919 949 1066-70
947 856 1121 931 habetur:

703 1033 762 1093 πῶς
780 1044 814 1093 με
831 1030 959 1091 κελεύεις
976 1029 1110 1094 κακότητ’
1127 1030 1238 1094 ἀσκέινς

704 1112 774 1174 μετὰ
793 1110 866 1160 τουο’
883 1110 926 1160 ὅτι
942 1110 997 1175 χρὴ
1013 1111 1131 1174 ποὶσχειν
1147 1109 1245 1160 ἔθελον.

701 1191 766 1253 τοὺς
783 1190 923 1254 προδότας
939 1191 993 1255 γὰρ
1010 1194 1099 1253 μισεῖν
1116 1188 1228 1253 ἔμαθον.

700 1271 773 1320 κούκ
791 1272 849 1321 ἔστι
865 1271 948 1333 νόσος

700 1352 777 1415 τῆσδ’
794 1350 876 1415 ἥντιν’
892 1350 1037 1401 ἀπέπτυσα
1054 1349 1172 1414 μᾶλλον.

632 1497 735 1596 (Quo
764 1513 876 1595 pacto
905 1524 965 1571 me
993 1498 1101 1571 iubes
1129 1523 1246 1595 prava
1273 1522 1379 1571 exer-

576 1612 685 1688 cere?
728 1613 825 1687 Cum
858 1615 929 1689 hoc
966 1613 1143 1711 quicquid
1179 1638 1377 1688 necessum

575 1730 646 1804 erit
671 1731 748 1826 pati
767 1731 853 1804 volo
865 1757 873 1816 ;
894 1756 980 1804 nam
1006 1730 1220 1827 proditores
1248 1728 1377 1803 odisse

575 1845 696 1932 didici,
727 1872 797 1920 nec
816 1863 876 1921 est
894 1846 1012 1942 pestis
1033 1870 1146 1944 quam
1164 1845 1234 1919 hac
1253 1844 1377 1941 magis

575 1963 779 2061 respuam).

630 2077 687 2150 Ita
715 2077 877 2151 clamant
905 2078 1120 2153 Oceanides

790 2245 906 2294 ποντίων
921 2258 953 2292 τε
969 2244 1098 2307 κυμάτων

792 2324 941 2388 ἀνήριθμον
960 2324 1097 2389 γέλασμα,

573 2470 684 2568 (risus
713 2472 894 2545 innumeri
919 2473 1095 2547 fluctuum
1115 2472 1256 2571 maris).
1273 2471 1373 2566 Quis

571 2603 697 2661 autem
726 2588 907 2661 scelerum
927 2591 1091 2663 omnium
1113 2589 1367 2676 infamissimo,

571 2703 783 2799 proditioni,
814 2730 1013 2800 personam
1040 2707 1154 2792 dabit,
1182 2721 1221 2780 et
1239 2705 1371 2779 faciem

570 2833 609 2891 et
636 2844 772 2915 corpus
792 2836 832 2894 et
849 2819 928 2894 alas
948 2837 987 2895 et
1005 2822 1208 2908 consilium,
1231 2837 1269 2897 et
1293 2849 1371 2897 om-

570 2936 669 3008 nium
680 2935 891 3010 mortalium
902 2939 1090 3012 mentibus
1101 2964 1184 3012 eam
1195 2964 1371 3035 quaepar

570 3066 629 3124 est
656 3052 891 3126 aversionem
914 3055 994 3126 eius
1022 3054 1214 3128 infundet?
1235 3054 1368 3129 Facilis

571 3167 776 3240 descensus
804 3168 965 3243 Averni:
997 3170 1065 3242 sed
1095 3172 1178 3268 quis
1198 3172 1233 3245 in
1254 3173 1367 3245 imum
