3100 4400
565 494 619 538 LIX
844 495 921 537 PARS
935 496 1086 539 SECUNDA

386 750 476 793 tuerer
564 738 717 796 ventum
733 722 806 795 iam
823 736 904 795 erat
918 748 967 795 ex
981 749 1057 796 uno
1071 724 1107 796 in
1127 723 1285 798 alterum
1300 725 1367 799 tel-

330 822 529 937 Dantdj'flnsffls·
563 837 651 910 luris
680 837 997 934 hemisphaerium
1025 880 1077 893 —
1114 866 1161 913 ex
1199 855 1289 913 noto
1326 859 1367 914 et

563 952 662 1027 culto
700 953 737 1025 in
770 951 859 1026 illud
891 954 954 1026 ubi
987 953 1134 1027 habitat
1168 980 1290 1042 nem0,
1326 973 1368 1030 et

502 1124 503 1127 η
564 1069 693 1142 unicus
726 1083 848 1141 terrae
882 1084 1022 1143 tractus
1059 1084 1120 1143 est
1156 1070 1366 1167 Purgatorii

564 1210 673 1259 mons
692 1211 729 1257 a.

618 1300 777 1372 innuere
801 1298 890 1371 mihi
909 1300 1057 1373 videtur
1075 1298 1179 1373 locus
1199 1302 1268 1377 iter
1285 1304 1365 1377 ani-

563 1442 648 1489 mae
676 1414 861 1487 humanae
890 1440 958 1510 per
988 1415 1106 1489 malas
1139 1416 1294 1493 insidias
1327 1420 1366 1492 in

563 1548 755 1605 aeternam
785 1529 943 1604 salutem
972 1531 1052 1605 sive
1082 1532 1156 1605 Dei
1181 1559 1363 1609 amorem.

563 1647 744 1719 Tartarus
773 1644 920 1719 Peccati
948 1660 1008 1719 est
1040 1672 1214 1743 regnum3
1239 1650 1365 1745 expia-

563 1763 675 1834 tionis
695 1777 821 1834 autem
841 1760 1113 1857 Purgatorium,
1133 1764 1237 1837 cuius
1254 1781 1366 1860 porta

564 1877 798 1951 Poenitentia
834 1893 904 1950 est.
937 1877 1047 1963 Hinc,
1082 1894 1124 1951 ut
1160 1880 1364 1976 symbolice

562 1992 769 2089 loquamur,
804 1994 930 2066 statim
950 2019 993 2067 ac
1014 1993 1161 2068 Dantes
1180 1997 1366 2071 convertit

564 2135 605 2181 se
634 2109 669 2180 in
699 2109 823 2182 media
850 2111 1005 2208 regione
1034 2109 1202 2198 Luciferi,
1234 2128 1363 2186 centro

563 2251 699 2320 nempe
728 2226 850 2298 omnis
880 2225 980 2313 Mali,
1010 2242 1125 2322 atque
1153 2227 1190 2300 in
1227 2228 1364 2325 Purga-

563 2341 708 2425 torium,
739 2339 860 2414 locum
893 2342 1128 2437 expiationis,
1157 2344 1363 2418 ascendere

563 2455 765 2542 contendit,
793 2457 992 2530 transierat
1009 2458 1083 2530 iam
1101 2459 1213 2532 animi
1233 2475 1272 2533 et
1291 2461 1364 2557 spi-

563 2573 654 2644 ritus
677 2571 796 2644 crisis:
819 2572 901 2668 ipsa
920 2598 1042 2646 rerum
1063 2589 1196 2648 natura
1213 2575 1305 2648 mira
1324 2592 1365 2649 et
1414 2630 1419 2643 ,

563 2686 761 2783 splendida
789 2688 952 2784 quadam
978 2688 1137 2763 afficitur
1156 2691 1362 2764 mutatione

562 2818 602 2876 et
616 2803 870 2899 respondente
885 2828 983 2900 quae
1002 2804 1039 2876 in
1058 2805 1218 2878 animam
1236 2806 1364 2880 incidit

563 2919 709 3013 incepta
727 2920 801 2992 iam
816 2919 893 2992 vita
912 2944 1021 2993 nova.
1037 2919 1197 2994 Accedit
1214 2922 1363 2996 animae

563 3058 683 3106 novus
720 3035 834 3120 visuS,
869 3050 999 3109 vetera
1031 3036 1157 3111 omnia
1196 3050 1236 3110 et
1272 3054 1363 3112 nota

563 3148 704 3221 mirum
723 3151 760 3223 in
789 3151 942 3224 modum
970 3177 1068 3226 nova
1090 3152 1193 3238 fiunt,
1224 3154 1362 3248 ponde-
