3100 4400
380 745 470 787 Lucifer

413 828 436 858 m

324 889 420 931 Dautels
435 887 523 932 luseris.

557 496 599 537 XL
837 494 914 536 PARS
929 493 1079 537 SECUNDA

559 722 741 806 novimus
772 721 867 794 hanc
895 721 1016 816 ipsam
1039 722 1165 817 justae
1187 746 1255 816 pro
1283 746 1364 793 sce-

558 837 634 911 lere
654 837 840 910 vindictae
869 835 1160 932 postulationem
1190 836 1363 908 inseruis-

560 968 629 1027 set.
674 952 904 1025 Eumenides
947 953 1139 1026 ministrae
1182 967 1279 1037 sunt,
1319 968 1364 1023 ut

559 1070 730 1155 vidimus,
765 1068 949 1141 vindictae
986 1068 1023 1140 in
1056 1067 1283 1141 homicidas:
1322 1068 1361 1139 in

560 1184 737 1281 Aeschyli
766 1185 935 1257 dramate
964 1183 1196 1256 matricidam
1222 1183 1270 1256 ad
1300 1208 1364 1255 ne-

560 1326 640 1374 cem
661 1316 947 1397 persequuntur.
974 1298 1130 1372 Summa
1147 1313 1239 1384 arte,
1264 1325 1364 1371 sum-

560 1442 620 1489 ma
635 1416 792 1491 veritate
812 1416 1035 1489 inducuntur
1053 1415 1254 1511 Erinnyes:
1276 1441 1361 1487 cum

560 1558 650 1605 vero
674 1532 855 1627 Erinnyes
886 1531 1033 1629 (Dirae)
1064 1530 1207 1603 suntin
1227 1530 1362 1603 Eume-

561 1648 668 1721 nidas
703 1647 944 1745 (Benevolas)
983 1662 1023 1719 et
1058 1672 1098 1720 re
1135 1661 1174 1719 et
1211 1647 1362 1719 nomine

561 1778 806 1860 permutatae,
837 1762 1036 1836 confitetur
1063 1777 1177 1857 poeta
1205 1787 1361 1858 operam

561 1880 657 1954 male
687 1881 755 1953 sibi
786 1880 1030 1964 successisse;
1060 1894 1120 1954 est
1147 1878 1247 1951 enim
1282 1878 1363 1951 Ma·

561 1996 647 2081 lum,
669 2012 729 2070 est
748 1996 869 2070 scelus
889 1995 1002 2093 longe
1022 1994 1235 2080 maximum,
1257 1995 1361 2091 quod

561 2112 610 2185 ab
629 2111 819 2208 Aeschylo
848 2137 922 2184 non
951 2112 1164 2210 attingitur:
1187 2111 1290 2207 quod
1310 2126 1363 2184 ta—

562 2254 647 2300 men
680 2229 985 2324 personationem
1019 2227 1135 2301 multo
1169 2226 1361 2301 terribilio-

562 2369 641 2417 rem
659 2343 827 2440 postulat
845 2369 959 2440 quam
979 2343 1177 2417 somniavit
1195 2347 1361 2440 unquam

554 2458 790 2555 Aeschylus:

624 2625 699 2689 δεινὴ
716 2625 769 2688 γὰρ
788 2626 817 2674 ἐν
835 2624 954 2687 βροτδιοι
970 2624 1023 2672 κάν
1041 2623 1114 2685 θεόις
1131 2622 1211 2673 πέλει

624 2709 672 2754 τοο
688 2707 891 2767 προστροπαίου
909 2708 996 2768 μῆνις,
1014 2705 1038 2752 εἰ
1054 2705 1147 2768 προδῶ
1165 2705 1211 2766 σφ’
1227 2703 1307 2753 ἑκών.

1024 2803 1110 2854 (Eum,
1126 2803 1226 2853 ²²3·²4l·

618 2915 727 3012 (Dira
755 2915 854 2988 enim
883 2929 923 2986 et
960 2913 1177 2987 mortalibus
1214 2927 1255 2986 et
1291 2912 1362 2985 diis

564 3030 739 3127 supplicis
768 3030 832 3118 ira,
863 3056 950 3105 eum
978 3055 1062 3102 mea
1082 3029 1113 3101 si
1133 3044 1269 3125 sponte
1292 3044 1362 3102 tra-

564 3146 749 3244 diderim).
