3100 4400
581 545 602 590 11
889 541 967 584 PARS
981 541 1076 585 PRIOR

355 786 391 828 ne
405 786 455 828 n«,
468 785 540 840 ιιρω.
583 760 690 836 Haec
708 775 965 834 verumtamen
985 758 1085 856 apud
1101 757 1303 834 latinenses
1317 786 1381 857 po-

580 875 690 975 pulos
725 875 785 952 vel
822 876 1004 952 coeruleis
1045 874 1161 950 oculis
1201 876 1382 974 germani-

580 982 645 1068 sco
676 993 750 1069 alte
779 992 924 1068 radices
951 992 1078 1090 egisse
1106 1018 1181 1066 non
1215 992 1379 1078 videtur;

579 1132 663 1184 eam
691 1108 787 1185 sorte
822 1109 872 1183 ob
908 1131 1070 1195 causam,
1105 1108 1207 1206 quod
1243 1108 1381 1205 praeci-

579 1223 697 1324 pitum
725 1224 909 1299 eiusmodi
937 1240 1170 1299 ostentorum
1199 1223 1379 1299 rationem

578 1341 720 1416 dudum
750 1340 823 1414 iam
852 1339 989 1416 referre
1017 1339 1225 1415 didicerant
1242 1341 1291 1414 ad
1320 1366 1381 1413 na-

578 1457 694 1533 tivum
714 1482 823 1532 suum
842 1455 1097 1556 gentilemque
1117 1455 1295 1553 mythum
1316 1456 1379 1554 qui

579 1599 768 1672 nunquam
797 1572 917 1648 luerat
944 1598 965 1647 e
994 1573 1181 1647 mentibus
1206 1570 1307 1670 vulgi
1326 1597 1381 1646 ra-

578 1691 712 1767 dicitus
736 1689 899 1766 evulsus.
920 1689 1042 1764 Annis
1060 1687 1203 1786 aliquot
1220 1702 1308 1763 ante
1327 1713 1381 1762 re-

579 1807 837 1882 formationem
873 1832 970 1904 quae
1008 1805 1141 1880 dicitur
1178 1804 1378 1903 religionis,

581 1923 732 2000 Cestiae
760 1924 796 1997 in
829 1922 966 2021 Anglia
1001 1922 1207 2020 productus
1241 1921 1308 1996 fuit
1344 1920 1380 1994 in

579 2069 730 2120 scenam
758 2042 869 2118 ludus
897 2044 977 2118 eius
1005 2043 1164 2142 generis,
1186 2043 1290 2140 quod
1317 2040 1382 2116 mi-

579 2159 731 2237 sterium
760 2160 962 2259 appellant,
986 2160 1021 2235 in
1049 2185 1125 2258 quo
1146 2157 1304 2235 Luciferi
1332 2159 1381 2233 de

559 2305 647 2383 'suo
675 2294 775 2353 statu
802 2277 931 2375 lapsus
958 2279 1153 2375 agebatur.
1176 2275 1218 2349 In
1237 2273 1380 2349 visione

579 2394 677 2469 Petri
710 2393 883 2467 Aratoris
918 2392 1072 2490 perinde
1107 2407 1257 2478 certam,
1293 2391 1381 2465 vivi-

577 2511 665 2585 dam
692 2527 808 2607 atque
835 2525 1011 2607 vegetam
1040 2511 1198 2606 praebet
1215 2508 1379 2605 speciem

580 2624 725 2700 Lucifer
759 2651 803 2700 ac
837 2624 1099 2724 superbientes
1135 2624 1183 2699 illi
1212 2624 1379 2722 episcopi

578 2767 736 2841 quorum
765 2758 826 2817 est
852 2742 1094 2840 archetypon.

631 2858 737 2933 Vidit
755 2858 791 2932 in
811 2858 886 2933 alta
904 2858 1000 2933 valle
1022 2873 1136 2956 poeta
1164 2856 1379 2956 speluncam

577 2976 778 3073 quandam,
810 2973 1002 3048 castellum
1028 3000 1163 3071 nempe
1191 2999 1380 3048 aerumna-

576 3117 669 3166 rum.
692 3090 765 3165 Hic
780 3090 895 3165 vitam
910 3090 990 3189 agit
1005 3090 1067 3188 qui
1085 3090 1218 3164 Kakos
1234 3090 1377 3176 dicitur,

577 3206 767 3304 nequitiae
787 3232 924 3305 parens
944 3224 1160 3306 auctorque.
1189 3205 1379 3279 Adamum
