3100 4400
575 454 653 499 XLIX
855 455 933 497 PARS
947 454 1095 497 SECUNDA

396 710 486 753 Lucifer

431 794 455 825 rn

345 855 442 898 Danteir
452 853 540 897 luseris.

656 1196 704 1248 sug
717 1209 747 1239 on
762 1208 776 1239 a
790 1198 873 1239 throne
885 1197 913 1240 os
922 1198 986 1247 royal
1000 1202 1065 1247 state,
1080 1197 1156 1239 which
1170 1197 1204 1239 sar

656 1269 776 1311 Outshone
790 1270 830 1311 the
842 1269 927 1311 walth
940 1268 967 1311 of
978 1270 1064 1311 Ormus
1077 1268 1124 1311 aud
1137 1268 1163 1311 oi
1170 1268 1222 1320 lnd,

656 1342 690 1383 Or
703 1341 780 1382 where
794 1341 834 1383 the
847 1353 962 1393 gorgeous
976 1342 1033 1383 Eust
1046 1341 1103 1383 with
1117 1342 1202 1384 rIchest
1214 1343 1278 1384 hand

656 1410 733 1453 Show'
740 1424 763 1453 rs
776 1424 808 1453 on
823 1412 864 1453 her
876 1412 946 1463 kings
959 1412 1063 1454 barbaric
1076 1412 1139 1464 pearl
1153 1412 1200 1455 and
1213 1413 1278 1464 gold,

654 1484 725 1525 Satan
740 1483 832 1525 exalted
845 1488 889 1526 sat.

630 1610 823 1708 (Sublimis
834 1612 870 1683 in
881 1610 975 1685 solio
985 1612 1098 1709 regiis
1113 1612 1383 1710 splendoribus

575 1752 741 1812 corusc0,
773 1725 963 1824 longeque
991 1753 1085 1824 opes
1114 1728 1382 1803 Armuziorum

574 1858 688 1939 atque
719 1842 896 1916 Indorum
924 1859 963 1917 et
989 1843 1049 1917 vel
1078 1842 1197 1940 ipsius
1216 1844 1379 1920 fabulosi

576 1956 743 2032 Orientis
772 1958 996 2055 margaritas
1024 1984 1232 2057 aurumque
1269 1987 1381 2056 supe-

574 2090 691 2159 rante,
723 2075 882 2148 sedebat
909 2076 1129 2172 magnificus
1158 2075 1304 2174 Satan).

629 2190 861 2265 Rabinorum
872 2190 1108 2289 satanologia
1117 2192 1250 2266 mirum
1260 2219 1379 2290 quan·

575 2306 691 2380 tulum
713 2308 798 2380 huic
817 2325 948 2382 nostro
966 2308 1015 2381 de
1038 2309 1125 2382 Deo
1145 2309 1273 2406 Lapso
1292 2336 1382 2383 con·

575 2423 713 2496 tribuit.
740 2422 836 2496 Cum
856 2424 913 2508 sit,
936 2439 1034 2498 teste
1054 2424 1211 2498 doctore
1232 2425 1376 2512 Kohut,

573 2563 711 2635 magna
739 2565 788 2612 ex
816 2555 923 2635 parte
950 2539 1000 2613 ad
1029 2541 1257 2614 Persismum
1285 2540 1380 2614 rese-

573 2654 701 2738 renda,
732 2652 782 2727 nil
806 2679 961 2750 prorsus
981 2654 1096 2729 habet
1115 2655 1164 2729 de
1183 2680 1378 2752 quoquam

574 2768 738 2843 Satanae
766 2796 895 2867 regno,
922 2771 965 2842 In
989 2769 1176 2844 Talmudo
1195 2797 1264 2844 nec
1283 2770 1379 2844 Mali

573 2885 630 2958 vis
658 2911 741 2959 cum
767 2885 860 2959 Boni
880 2902 1127 2982 comparatur,
1153 2911 1222 2960 nec
1241 2886 1379 2960 induci·

574 3015 634 3073 tur
652 3000 812 3075 Satanas
833 3002 919 3075 Deo
938 3001 1174 3075 adversatus.
1195 3001 1379 3076 Rabinica

574 3116 741 3190 doctrina
762 3116 954 3190 Inimicum
974 3117 1076 3190 illurn
1097 3116 1379 3214 Praegrandem
