3100 4400
347 899 443 943 Danteis
455 900 543 944 luseris.

580 498 646 543 XLV
857 500 935 542 PARS
950 500 1101 544 SECUNDA

580 722 692 796 iidem
729 740 768 798 et
801 722 874 797 Dei
906 739 946 798 et
976 724 1121 821 patriae
1153 724 1383 821 generisque

579 837 729 911 humani
759 838 889 914 hostes
917 839 1124 936 impiissimi
1151 839 1380 914 viderentur.

580 953 691 1028 Vitae
708 956 888 1029 terminus
909 954 1055 1029 Miltoni
1075 954 1171 1028 sicut
1195 971 1233 1028 et
1262 953 1382 1028 Danti

580 1068 818 1144 calamitosus
861 1071 951 1145 suit:
985 1096 1131 1167 pauper
1167 1086 1206 1145 et
1245 1095 1383 1145 coecus

579 1183 738 1259 ludibrio
766 1186 833 1259 suit
860 1185 1013 1261 asseclis
1042 1188 1164 1260 curiae
1197 1185 1292 1259 illius
1324 1212 1383 1259 re-

579 1299 675 1397 giae,
700 1302 798 1376 unde
819 1328 952 1376 omnes
974 1302 1094 1375 malae
1116 1301 1284 1376 fluebant
1299 1301 1382 1375 libi·

579 1415 697 1490 dines
728 1415 770 1489 ln
799 1418 888 1504 oti0,
918 1418 968 1491 ad
997 1416 1169 1491 solatium
1198 1417 1383 1492 malorum

578 1532 766 1629 animique
795 1534 1066 1620 remissionem,
1095 1532 1212 1607 literis
1233 1534 1383 1631 graecis

578 1645 777 1745 latinisque
797 1664 836 1722 et
850 1650 1021 1723 versibus
1040 1649 1311 1745 componendis
1326 1666 1384 1722 to-

578 1778 657 1835 tum
691 1790 733 1838 se
767 1765 927 1838 dedidit:
963 1790 1032 1839 nec
1064 1765 1098 1838 ei
1131 1780 1240 1838 erant
1270 1763 1382 1838 alieni

579 1894 715 1974 poetae
744 1880 838 1953 itali:
869 1880 961 1954 scite
989 1880 1148 1954 callebat
1177 1879 1312 1953 Milton
1340 1896 1384 1953 et

580 1993 756 2069 Divinam
777 1995 1035 2083 Comoediam,
1065 2011 1106 2069 et
1133 1995 1318 2093 insignem
1342 1995 1384 2068 il-

578 2109 651 2183 lam
681 2110 855 2185 Gulielmi
882 2111 1078 2210 Langland
1098 2111 1177 2185 sive
1199 2110 1381 2208 Langleyi

579 2226 729 2300 satiram
758 2271 810 2282 —-
836 2229 931 2302 unici
952 2227 1046 2301 illius
1065 2226 1181 2325 Angli
1201 2227 1264 2324 qui
1283 2253 1382 2324 sym-

577 2341 762 2416 bolizandi
791 2344 827 2416 vi
855 2344 904 2417 sit
928 2370 1011 2417 cum
1036 2370 1082 2417 eo
1102 2343 1382 2439 comparandus

578 2457 640 2552 qui
670 2458 815 2532 infimas
843 2460 955 2533 sedes
976 2459 1111 2532 invisit.
1134 2458 1380 2555 Iampridem

578 2575 866 2648 memoravimus
895 2574 1102 2649 miltonium
1131 2573 1232 2648 illum
1270 2572 1378 2647 Sata-

577 2715 663 2762 nam
692 2689 916 2764 coelestibus
936 2691 1088 2788 quidem
1114 2689 1380 2787 splendoribus

577 2804 639 2877 diu
669 2804 742 2877 iam
776 2821 976 2893 carentem,
1008 2822 1132 2880 tamen
1166 2831 1287 2903 usque
1319 2806 1377 2879 sui

578 2919 745 3006 similem,
785 2921 922 3017 quibus
955 2920 1079 3019 angeli
1111 2921 1201 2995 llere
1234 2936 1377 3019 queant

577 3036 745 3133 lacrymis
774 3037 944 3110 flentem:
976 3038 1044 3111 sed
1064 3036 1190 3110 nullibi
1210 3037 1247 3109 in
1268 3037 1377 3110 Para-

577 3153 660 3226 diso
694 3151 863 3225 Miltonis
896 3153 1050 3226 Amisso
1088 3151 1255 3227 invenies
1293 3177 1377 3248 pro-
