3100 4400
581 475 627 518 ΧΧ
888 473 966 516 PARS
981 473 1077 516 PRIOR

580 703 796 798 antiquatas
833 700 1069 799 popularium
1109 727 1262 776 suorum
1304 703 1383 776 reli-

580 817 714 914 giones
742 842 917 914 purgare,
938 817 1009 892 sed
1036 818 1120 914 ipsa
1148 819 1286 915 ingenii
1309 818 1382 892 hel-

580 932 687 1008 lenici
703 949 836 1008 natura
850 935 1039 1008 obstabat.
1051 935 1285 1032 Aequalibus
1306 937 1382 1009 suis

582 1049 722 1122 nodum
742 1050 975 1146 quaestionis
993 1049 1119 1148 aliqua
1140 1078 1188 1126 ex
1206 1069 1314 1147 parte
1333 1053 1383 1124 in-

581 1189 696 1239 nuere
707 1165 860 1262 quidem
875 1181 1038 1262 poterat;
1056 1167 1241 1264 sequioris
1255 1183 1382 1241 autem

580 1282 716 1355 aetatis
745 1280 1054 1369 Atheniensibus
1076 1283 1139 1379 qui
1167 1284 1383 1380 tragoedias

581 1396 794 1493 euripideas
831 1398 1065 1494 spectabant,
1105 1423 1248 1471 merum
1285 1402 1383 1473 aeni-

580 1537 670 1609 gma
698 1527 802 1586 esset
828 1512 1006 1609 Aeschyli
1031 1513 1276 1588 Prometheus
1294 1515 1383 1588 Vin-

580 1645 674 1702 ctus.
705 1627 871 1702 Cernere
904 1628 975 1702 sibi
1003 1629 1152 1703 videtur
1171 1629 1381 1727 Aeschylus

581 1743 772 1840 ingentem
801 1741 965 1840 aliquam
993 1745 1080 1830 vim,
1103 1770 1202 1841 quae
1229 1747 1381 1820 tandem

581 1859 675 1932 deos
703 1858 907 1955 aliquando
936 1860 984 1933 de
1013 1859 1116 1934 soliis
1144 1862 1222 1934 suis
1250 1863 1299 1935 sit
1321 1863 1382 1935 de·

581 1975 785 2048 turbatura.
816 1974 895 2049 Sed
919 1969 1082 2072 eaquae
1103 1976 1198 2050 intra
1216 1979 1382 2051 animum

581 2090 651 2163 sibi
671 2106 758 2163 sunt
772 2091 965 2164 recondita
986 2092 1115 2188 nequit
1134 2116 1306 2187 promere
1321 2094 1381 2167 vel

580 2206 771 2281 hominum
782 2208 969 2281 mentibus
980 2208 1380 2322 cpmmodare:mediis

580 2324 745 2397 tenebris
772 2339 963 2397 versatur:
992 2350 1138 2398 memor
1158 2324 1379 2423 religionum

580 2437 752 2535 populus
766 2439 797 2511 si
814 2438 905 2535 quid
919 2440 1129 2515 coniectare
1144 2440 1240 2527 licet,
1254 2460 1380 2519 mente

579 2554 681 2627 haud
716 2580 850 2651 parum
886 2555 986 2629 anxii
1024 2557 1270 2653 spectabant:
1310 2584 1379 2633 nec

579 2670 732 2766 quidem
760 2670 823 2743 diu
852 2670 1106 2746 toleraverunt
1123 2672 1378 2749 Athenienses

579 2787 712 2860 durum
744 2786 1002 2874 fabulatorem,
1037 2803 1188 2885 reperto
1218 2790 1376 2865 mitiore:

580 2902 633 2976 sic
656 2902 823 3000 theologi
842 2903 977 2977 dehinc
995 2905 1138 3001 gaudet
1155 2908 1376 2982 auctoritate

580 3017 791 3115 Aeschylus
798 3046 805 3104 ;
825 3018 867 3092 fit
882 3046 1058 3094 successu
1074 3018 1274 3115 Euripides
1294 3021 1379 3096 bea-

582 3146 652 3218 tus,
684 3132 846 3230 felixque
875 3135 1153 3233 tragoediarum
1182 3135 1299 3210 saber.
