3100 4400
333 705 367 745 De
383 704 433 746 Deo
447 703 519 756 lapso.

559 463 603 503 vu
867 449 1054 492 cansarum<

559 673 806 748 ritanismum:
823 671 985 746 Satanae
1004 671 1171 747 miltonio
1194 670 1281 746 nihil
1301 689 1364 747 est

558 817 644 865 cum
658 789 807 862 immani
822 787 883 862 illo
894 787 1060 862 Diabolo
1074 765 1279 874 coinmune,
1296 789 1362 886 qui

558 907 595 980 in
610 905 801 980 veteribus
820 903 1005 1000 mysteriis
1020 903 1070 977 ad
1084 903 1210 977 fauces
1226 904 1361 978 infers

558 1048 639 1095 rum
660 1020 895 1093 discursabat
907 1018 1114 1093 vociferans
1143 1035 1181 1093 et
1199 1018 1359 1093 ululans.

559 1137 673 1211 lahve
701 1152 827 1210 autem
849 1135 1112 1209 Hebraeorum
1133 1134 1278 1208 Miltoni
1297 1161 1362 1208 ex-

557 1253 630 1326 titit
649 1253 760 1326 Pater
775 1249 1017 1337 Universalis‚
1036 1265 1075 1324 et
1089 1249 1247 1324 Satanas
1262 1252 1361 1348 prin·

556 1393 646 1465 ceps
665 1384 871 1464 auctorque
891 1392 1059 1440 summus
1078 1365 1260 1440 malorum
1282 1393 1360 1440 om-

556 1485 675 1569 nium;
705 1484 795 1556 dum
824 1482 874 1555 dii
903 1482 1074 1580 deaeque
1098 1481 1300 1556 Hellenum
1319 1499 1360 1557 et

557 1601 813 1673 Romanorum
841 1624 927 1672 eum
956 1614 1100 1671 tantum
1123 1597 1245 1672 locum
1265 1600 1359 1672 obti-

556 1729 655 1799 nent,
685 1728 726 1787 ut
752 1713 786 1786 ei
815 1730 1066 1788 assectatores
1096 1714 1257 1787 adstent.
1289 1715 1358 1786 Mi-

556 1830 655 1902 nime
688 1844 728 1902 et
760 1828 949 1901 miltonius
986 1827 1147 1902 Satanas
1181 1828 1359 1902 Christia-

555 1970 686 2018 norum
707 1943 869 2017 Lucifer:
890 1942 994 2041 quod
1009 1944 1151 2040 optime
1169 1945 1358 2040 expressit

556 2058 723 2154 Shelley:
762 2087 781 2130 <r
811 2059 975 2132 Persona
1003 2059 1083 2133 eius
1117 2102 1168 2114 —-
1201 2059 1356 2134 miltonii

555 2174 719 2250 Satanae
743 2218 795 2230 -
816 2176 987 2273 suggerit
1005 2174 1214 2273 periculosa
1233 2176 1356 2274 sophi-

555 2308 687 2377 smata,
717 2292 855 2388 quibus
884 2292 968 2389 quis
997 2290 1130 2366 delicta
1163 2293 1243 2366 eius
1271 2319 1354 2367 cum

554 2408 693 2505 injuriis
704 2432 800 2505 quas
815 2433 1020 2505 perpessus
1036 2424 1095 2483 est
1109 2435 1352 2506 compensare

553 2523 705 2596 studeat
732 2540 780 2609 et,
807 2524 909 2621 quod
935 2524 1006 2599 hae
1030 2550 1179 2599 omnem
1199 2525 1352 2598 modum

552 2640 792 2726 excesserint,
822 2640 883 2713 illa
920 2658 1074 2715 excuset
1094 2668 1131 2727 »;
1161 2640 1268 2715 aliter
1302 2642 1353 2714 di-

552 2771 667 2828 ctum:
685 2754 774 2828 dum
793 2755 964 2852 legimus,
987 2756 1169 2831 fortunam
1188 2758 1269 2831 eius
1288 2758 1352 2831 mi·

552 2895 736 2944 seramus:
758 2871 921 2944 humana
936 2874 1087 2946 omnino
1102 2899 1265 2969 persona
1279 2889 1348 2959 est,

552 3010 790 3082 nequaquam
818 2986 1000 3061 horrifica.
1022 2989 1165 3086 Pompa
1190 3015 1265 3086 qua
1286 2991 1352 3063 cir-

551 3102 746 3208 cumdatur
766 3102 996 3199 amplissima
1019 3105 1055 3177 id
1080 3121 1223 3179 tantum
1252 3106 1348 3191 facit,
