3100 4400
389 748 479 791 Lucifer

422 820 446 863 in

336 892 432 935 Danteis
444 890 531 935 luseris.

567 492 645 534 XLIV
841 492 919 536 PARS
933 492 1085 537 SECUNDA

568 732 657 803 tata,
675 742 721 792 ne
744 718 902 792 verbum
921 717 1073 821 quidem
1092 719 1194 816 apud
1214 717 1368 816 Shelley

569 833 747 929 reperies.

624 948 678 1021 Ut
705 948 867 1022 diximus
896 935 970 1022 iam
1004 948 1089 1021 aevi
1126 948 1371 1024 elisabethaei

568 1063 858 1139 dramaticorum
885 1062 1087 1160 ingenium,
1113 1080 1154 1139 et
1185 1065 1267 1161 ipsa
1300 1064 1370 1137 illis

568 1180 801 1275 temporibus
830 1204 965 1253 scenae
994 1178 1064 1282 lex,
1083 1179 1159 1253 vim
1184 1195 1299 1277 atque
1318 1180 1371 1251 in-

567 1294 692 1368 dolem
720 1293 931 1393 Anglorum
960 1319 1111 1368 omnem
1148 1294 1219 1368 sibi
1251 1295 1369 1368 vindi-

567 1412 688 1495 cabat,
706 1408 891 1506 simulque
905 1408 1029 1506 aliqua
1043 1435 1091 1483 ex
1106 1424 1213 1505 parte
1228 1410 1370 1483 minue·

567 1526 644 1600 bat.
676 1525 775 1598 illius
804 1525 888 1599 aevi
916 1551 1029 1599 scena
1051 1551 1127 1599 non
1146 1525 1372 1599 admittebat

568 1642 702 1715 summi
730 1640 816 1715 mali
844 1640 1044 1737 aeschyleo
1072 1666 1212 1738 genere
1242 1667 1370 1739 perso-

568 1783 671 1843 nam;
706 1782 820 1854 quam
857 1756 1010 1852 quidem
1046 1757 1171 1831 audax
1209 1756 1370 1830 Marlovi

568 1874 758 1971 ingenium
786 1874 881 1947 sorte
914 1888 1109 1961 tentasset,
1145 1874 1271 1947 irrisor
1308 1872 1369 1946 ille

567 1990 723 2075 animus,
741 1991 772 2062 si
792 2016 861 2087 par
881 2015 966 2065 esse
981 1990 1172 2064 videretur
1190 2005 1295 2063 tanto
1309 2014 1371 2063 co

569 2106 718 2179 namini:
737 2104 980 2203 Shakesperii
995 2106 1185 2203 ingenium
1196 2147 1248 2159 -
1259 2104 1370 2178 sortu-

568 2237 655 2296 nate
675 2221 900 2295 dixerimus?
912 2265 958 2276 —
974 2247 1043 2319 pro
1063 2220 1126 2294 tali
1145 2236 1371 2318 argumento

566 2337 686 2411 lenius
722 2336 790 2411 suit
817 2352 857 2410 et
888 2337 1106 2410 humanius:
1147 2335 1299 2410 omnino
1336 2337 1368 2409 si

566 2451 688 2548 anglis
725 2451 937 2526 hominibus
978 2466 1082 2525 esset
1120 2451 1366 2537 tractandum,

567 2593 663 2640 unus
687 2567 755 2640 suit
774 2566 908 2640 Milton
928 2582 1034 2640 tanto
1053 2566 1159 2664 operi
1179 2591 1258 2662 par.
1275 2565 1369 2639 Ver-

568 2700 671 2757 satus
700 2683 821 2755 suerat
848 2681 907 2756 ille
935 2682 1032 2755 inter
1059 2680 1243 2778 procellas
1274 2695 1369 2754 tem-

567 2814 813 2896 pestatesque
831 2798 884 2870 rei
904 2796 1085 2893 publicae,
1104 2797 1200 2871 inter
1217 2795 1315 2870 bella
1329 2813 1370 2869 et

567 2914 820 3010 proditiones;
851 2928 890 2986 et
908 2912 1047 2985 homini
1067 2911 1247 3010 religione
1268 2911 1368 2983 idem

567 3054 611 3102 ac
639 3028 805 3102 moribus
836 3027 1010 3102 Puritano
1039 3053 1196 3101 necesse
1222 3026 1299 3113 suit,
1327 3043 1370 3099 ut

569 3170 700 3218 omnes
730 3142 956 3240 reipublicae
985 3144 1214 3240 puritanieae
1237 3142 1368 3216 hostes
