<?xml version="1.0" encoding="UTF-8"?>
<!DOCTYPE html PUBLIC "-//W3C//DTD XHTML 1.0 Transitional//EN"
    "http://www.w3.org/TR/xhtml1/DTD/xhtml1-transitional.dtd">
<html xmlns="http://www.w3.org/1999/xhtml" xml:lang="en" lang="en">
 <head>
  <title>
</title>
<meta http-equiv="Content-Type" content="text/html;charset=utf-8" />
  <meta name='ocr-system' content='tesseract 3.04.00' />
  <meta name='ocr-capabilities' content='ocr_page ocr_carea ocr_par ocr_line ocrx_word'/>
</head>
<body>
  <div class='ocr_page' id='page_1' title='image "./dedeolapsocomme02kenngoog_0029.png"; bbox 0 0 3100 4400; ppageno 0'>
   <div class='ocr_carea' id='block_1_1' title="bbox 584 417 1079 462">
    <p class='ocr_par' dir='ltr' id='par_1_1' title="bbox 584 417 1079 462">
     <span class='ocr_line' id='line_1_1' title="bbox 584 417 1079 462; baseline -0.004 -1"><span class='ocrx_word' id='word_1_1' title='bbox 584 419 617 462; x_wconf 85' lang='lat' dir='ltr'><strong>lx</strong></span> <span class='ocrx_word' id='word_1_2' title='bbox 892 418 970 461; x_wconf 75' lang='lat' dir='ltr'>PARS</span> <span class='ocrx_word' id='word_1_3' title='bbox 984 417 1079 460; x_wconf 79' lang='lat' dir='ltr'>PRIOR</span> 
     </span>
    </p>
   </div>
   <div class='ocr_carea' id='block_1_2' title="bbox 357 644 1403 1067">
    <p class='ocr_par' dir='ltr' id='par_1_2' title="bbox 357 644 1403 1067">
     <span class='ocr_line' id='line_1_2' title="bbox 357 644 1403 744; baseline -0.002 -24"><span class='ocrx_word' id='word_1_4' title='bbox 357 678 392 720; x_wconf 70' lang='lat' dir='ltr'><strong>oe</strong></span> <span class='ocrx_word' id='word_1_5' title='bbox 406 678 457 720; x_wconf 60' lang='lat' dir='ltr'><strong>oco</strong></span> <span class='ocrx_word' id='word_1_6' title='bbox 471 677 545 731; x_wconf 75' lang='lat' dir='ltr'><strong>tapso.</strong></span> <span class='ocrx_word' id='word_1_7' title='bbox 583 646 704 744; x_wconf 86' lang='lat' dir='ltr'><strong>gister</strong></span> <span class='ocrx_word' id='word_1_8' title='bbox 730 671 818 720; x_wconf 88' lang='lat' dir='ltr'><strong>eum</strong></span> <span class='ocrx_word' id='word_1_9' title='bbox 846 644 934 719; x_wconf 90' lang='lat' dir='ltr'><strong>mihi</strong></span> <span class='ocrx_word' id='word_1_10' title='bbox 958 645 1189 730; x_wconf 88' lang='lat' dir='ltr'><strong>monstravit,</strong></span> <span class='ocrx_word' id='word_1_11' title='bbox 1211 645 1275 742; x_wconf 92' lang='lat' dir='ltr'><strong>qui</strong></span> <span class='ocrx_word' id='word_1_12' title='bbox 1300 645 1403 718; x_wconf 91' lang='lat' dir='ltr'><strong>olim</strong></span> 
     </span>
     <span class='ocr_line' id='line_1_3' title="bbox 584 760 1400 859; baseline -0.001 -23"><span class='ocrx_word' id='word_1_13' title='bbox 584 760 857 859; x_wconf 87' lang='lat' dir='ltr'><strong>pulchritudine</strong></span> <span class='ocrx_word' id='word_1_14' title='bbox 886 760 1069 835; x_wconf 86' lang='lat' dir='ltr'><strong>claruerat</strong></span> <span class='ocrx_word' id='word_1_15' title='bbox 1086 788 1124 846; x_wconf 77' lang='lat'><strong>»3</strong></span> <span class='ocrx_word' id='word_1_16' title='bbox 1153 785 1197 833; x_wconf 87' lang='lat' dir='ltr'><strong>ac</strong></span> <span class='ocrx_word' id='word_1_17' title='bbox 1227 761 1400 835; x_wconf 88' lang='lat' dir='ltr'><strong>deinde:</strong></span> 
     </span>
     <span class='ocr_line' id='line_1_4' title="bbox 591 874 1402 974; baseline 0.001 -25"><span class='ocrx_word' id='word_1_18' title='bbox 591 903 609 948; x_wconf 81' lang='lat'><strong>‹</strong></span> <span class='ocrx_word' id='word_1_19' title='bbox 646 875 748 950; x_wconf 83' lang='lat' dir='ltr'><strong>Olim</strong></span> <span class='ocrx_word' id='word_1_20' title='bbox 786 876 817 950; x_wconf 90' lang='lat' dir='ltr'><strong>si</strong></span> <span class='ocrx_word' id='word_1_21' title='bbox 853 901 976 974; x_wconf 88' lang='lat' dir='ltr'><strong>aeque</strong></span> <span class='ocrx_word' id='word_1_22' title='bbox 1013 875 1212 950; x_wconf 81' lang='lat' dir='ltr'><strong>formosus·</strong></span> <span class='ocrx_word' id='word_1_23' title='bbox 1239 874 1309 949; x_wconf 85' lang='lat' dir='ltr'><strong>suit</strong></span> <span class='ocrx_word' id='word_1_24' title='bbox 1344 902 1402 950; x_wconf 89' lang='lat' dir='ltr'><strong>ac</strong></span> 
     </span>
     <span class='ocr_line' id='line_1_5' title="bbox 584 1007 1004 1067; baseline 0 -2"><span class='ocrx_word' id='word_1_25' title='bbox 584 1017 681 1067; x_wconf 91' lang='lat' dir='ltr'><strong>nunc</strong></span> <span class='ocrx_word' id='word_1_26' title='bbox 708 1007 769 1067; x_wconf 91' lang='lat' dir='ltr'><strong>est</strong></span> <span class='ocrx_word' id='word_1_27' title='bbox 797 1008 946 1066; x_wconf 70' lang='lat' dir='ltr'><strong>teter...</strong></span> <span class='ocrx_word' id='word_1_28' title='bbox 966 1018 1004 1065; x_wconf 83' lang='lat'><strong>›.</strong></span> 
     </span>
    </p>
   </div>
   <div class='ocr_carea' id='block_1_3' title="bbox 500 1452 1392 3167">
    <p class='ocr_par' dir='ltr' id='par_1_3' title="bbox 582 1452 1392 1777">
     <span class='ocr_line' id='line_1_6' title="bbox 637 1452 1392 1549; baseline -0.001 -23"><span class='ocrx_word' id='word_1_29' title='bbox 637 1453 711 1526; x_wconf 90' lang='lat' dir='ltr'><strong>Hic</strong></span> <span class='ocrx_word' id='word_1_30' title='bbox 739 1453 797 1526; x_wconf 91' lang='lat' dir='ltr'><strong>bis</strong></span> <span class='ocrx_word' id='word_1_31' title='bbox 827 1453 941 1528; x_wconf 84' lang='lat' dir='ltr'><strong>refert</strong></span> <span class='ocrx_word' id='word_1_32' title='bbox 968 1452 1116 1527; x_wconf 89' lang='lat' dir='ltr'><strong>Dantes</strong></span> <span class='ocrx_word' id='word_1_33' title='bbox 1145 1452 1244 1526; x_wconf 91' lang='lat' dir='ltr'><strong>illam</strong></span> <span class='ocrx_word' id='word_1_34' title='bbox 1263 1453 1392 1549; x_wconf 84' lang='lat' dir='ltr'>ipsam</span> 
     </span>
     <span class='ocr_line' id='line_1_7' title="bbox 582 1566 1390 1654; baseline 0.001 -13"><span class='ocrx_word' id='word_1_35' title='bbox 582 1566 755 1654; x_wconf 82' lang='lat' dir='ltr'><strong>fabulam,</strong></span> <span class='ocrx_word' id='word_1_36' title='bbox 782 1569 883 1643; x_wconf 90' lang='lat' dir='ltr'><strong>unde</strong></span> <span class='ocrx_word' id='word_1_37' title='bbox 902 1568 1080 1642; x_wconf 91' lang='lat' dir='ltr'><strong>inclutum</strong></span> <span class='ocrx_word' id='word_1_38' title='bbox 1108 1567 1208 1642; x_wconf 92' lang='lat' dir='ltr'><strong>illum</strong></span> <span class='ocrx_word' id='word_1_39' title='bbox 1233 1569 1390 1642; x_wconf 87' lang='lat' dir='ltr'><strong>daemo-</strong></span> 
     </span>
     <span class='ocr_line' id='line_1_8' title="bbox 583 1682 1390 1777; baseline 0 -21"><span class='ocrx_word' id='word_1_40' title='bbox 583 1708 669 1756; x_wconf 89' lang='lat' dir='ltr'><strong>nem</strong></span> <span class='ocrx_word' id='word_1_41' title='bbox 712 1683 870 1758; x_wconf 89' lang='lat' dir='ltr'><strong>suscitat</strong></span> <span class='ocrx_word' id='word_1_42' title='bbox 912 1683 1060 1757; x_wconf 88' lang='lat' dir='ltr'><strong>Milton.</strong></span> <span class='ocrx_word' id='word_1_43' title='bbox 1099 1682 1215 1777; x_wconf 84' lang='lat' dir='ltr'><strong>Quod</strong></span> <span class='ocrx_word' id='word_1_44' title='bbox 1259 1700 1390 1757; x_wconf 87' lang='lat' dir='ltr'><strong>tamen</strong></span> 
     </span>
    </p>

    <p class='ocr_par' dir='ltr' id='par_1_4' title="bbox 500 1798 1390 3167">
     <span class='ocr_line' id='line_1_9' title="bbox 500 1798 1390 1895; baseline 0 -24"><span class='ocrx_word' id='word_1_45' title='bbox 500 1833 509 1844; x_wconf 60' lang='lat'><strong><em>¹</em></strong></span> <span class='ocrx_word' id='word_1_46' title='bbox 584 1798 731 1875; x_wconf 86' lang='lat' dir='ltr'><strong>Dantes</strong></span> <span class='ocrx_word' id='word_1_47' title='bbox 749 1800 917 1874; x_wconf 89' lang='lat' dir='ltr'><strong>secundo</strong></span> <span class='ocrx_word' id='word_1_48' title='bbox 931 1798 1016 1874; x_wconf 91' lang='lat' dir='ltr'><strong>loco</strong></span> <span class='ocrx_word' id='word_1_49' title='bbox 1030 1799 1156 1887; x_wconf 87' lang='lat' dir='ltr'><strong>habet,</strong></span> <span class='ocrx_word' id='word_1_50' title='bbox 1174 1800 1251 1874; x_wconf 86' lang='lat' dir='ltr'><strong>lere</strong></span> <span class='ocrx_word' id='word_1_51' title='bbox 1269 1799 1390 1895; x_wconf 78' lang='lat' dir='ltr'><strong>hypo</strong></span> 
     </span>
     <span class='ocr_line' id='line_1_10' title="bbox 583 1913 1387 1990; baseline 0 -5"><span class='ocrx_word' id='word_1_52' title='bbox 583 1913 699 1988; x_wconf 87' lang='lat' dir='ltr'><strong>thesis</strong></span> <span class='ocrx_word' id='word_1_53' title='bbox 728 1930 806 1989; x_wconf 88' lang='lat' dir='ltr'><strong>est:</strong></span> <span class='ocrx_word' id='word_1_54' title='bbox 838 1914 975 1988; x_wconf 92' lang='lat' dir='ltr'><strong>dubius</strong></span> <span class='ocrx_word' id='word_1_55' title='bbox 994 1914 1150 1989; x_wconf 87' lang='lat' dir='ltr'><strong>haerere</strong></span> <span class='ocrx_word' id='word_1_56' title='bbox 1168 1916 1318 1990; x_wconf 87' lang='lat' dir='ltr'><strong>videtur</strong></span> <span class='ocrx_word' id='word_1_57' title='bbox 1335 1937 1387 1987; x_wconf 86' lang='lat' dir='ltr'><strong>an</strong></span> 
     </span>
     <span class='ocr_line' id='line_1_11' title="bbox 582 2027 1386 2105; baseline -0.001 -3"><span class='ocrx_word' id='word_1_58' title='bbox 582 2028 734 2102; x_wconf 89' lang='lat' dir='ltr'><strong>credere</strong></span> <span class='ocrx_word' id='word_1_59' title='bbox 762 2028 873 2103; x_wconf 87' lang='lat' dir='ltr'><strong>liceat</strong></span> <span class='ocrx_word' id='word_1_60' title='bbox 899 2027 1058 2103; x_wconf 83' lang='lat' dir='ltr'><strong>fabulae.</strong></span> <span class='ocrx_word' id='word_1_61' title='bbox 1089 2029 1194 2103; x_wconf 91' lang='lat' dir='ltr'><strong>Illam</strong></span> <span class='ocrx_word' id='word_1_62' title='bbox 1222 2029 1386 2105; x_wconf 91' lang='lat' dir='ltr'><strong>eandem</strong></span> 
     </span>
     <span class='ocr_line' id='line_1_12' title="bbox 582 2142 1384 2242; baseline 0.004 -25"><span class='ocrx_word' id='word_1_63' title='bbox 582 2142 743 2218; x_wconf 82' lang='lat' dir='ltr'><strong>fabulam</strong></span> <span class='ocrx_word' id='word_1_64' title='bbox 760 2158 841 2218; x_wconf 93' lang='lat' dir='ltr'><strong>toto</strong></span> <span class='ocrx_word' id='word_1_65' title='bbox 855 2144 980 2219; x_wconf 88' lang='lat' dir='ltr'><strong>animo</strong></span> <span class='ocrx_word' id='word_1_66' title='bbox 993 2144 1231 2242; x_wconf 85' lang='lat' dir='ltr'><strong>amplectitur</strong></span> <span class='ocrx_word' id='word_1_67' title='bbox 1248 2145 1384 2220; x_wconf 92' lang='lat' dir='ltr'><strong>Milton</strong></span> 
     </span>
     <span class='ocr_line' id='line_1_13' title="bbox 582 2259 1383 2360; baseline 0.004 -27"><span class='ocrx_word' id='word_1_68' title='bbox 582 2275 630 2345; x_wconf 85' lang='lat' dir='ltr'><strong>et,</strong></span> <span class='ocrx_word' id='word_1_69' title='bbox 661 2259 803 2333; x_wconf 88' lang='lat' dir='ltr'><strong>reiecto</strong></span> <span class='ocrx_word' id='word_1_70' title='bbox 837 2261 1014 2357; x_wconf 87' lang='lat' dir='ltr'><strong>quicquid</strong></span> <span class='ocrx_word' id='word_1_71' title='bbox 1047 2259 1084 2334; x_wconf 90' lang='lat' dir='ltr'><strong>in</strong></span> <span class='ocrx_word' id='word_1_72' title='bbox 1116 2287 1162 2335; x_wconf 88' lang='lat' dir='ltr'><strong>ea</strong></span> <span class='ocrx_word' id='word_1_73' title='bbox 1193 2262 1383 2360; x_wconf 82' lang='lat' dir='ltr'><strong>agrestius</strong></span> 
     </span>
     <span class='ocr_line' id='line_1_14' title="bbox 580 2376 1381 2461; baseline 0.005 -14"><span class='ocrx_word' id='word_1_74' title='bbox 580 2391 693 2461; x_wconf 87' lang='lat' dir='ltr'><strong>esset,</strong></span> <span class='ocrx_word' id='word_1_75' title='bbox 731 2376 949 2450; x_wconf 89' lang='lat' dir='ltr'><strong>omnimode</strong></span> <span class='ocrx_word' id='word_1_76' title='bbox 977 2392 1154 2451; x_wconf 85' lang='lat' dir='ltr'><strong>venustat</strong></span> <span class='ocrx_word' id='word_1_77' title='bbox 1180 2393 1220 2452; x_wconf 88' lang='lat' dir='ltr'><strong>et</strong></span> <span class='ocrx_word' id='word_1_78' title='bbox 1243 2379 1300 2452; x_wconf 91' lang='lat' dir='ltr'><strong>sui</strong></span> <span class='ocrx_word' id='word_1_79' title='bbox 1327 2378 1381 2451; x_wconf 93' lang='lat' dir='ltr'><strong>in-</strong></span> 
     </span>
     <span class='ocr_line' id='line_1_15' title="bbox 580 2490 1379 2589; baseline 0.005 -26"><span class='ocrx_word' id='word_1_80' title='bbox 580 2490 681 2587; x_wconf 86' lang='lat' dir='ltr'><strong>genii</strong></span> <span class='ocrx_word' id='word_1_81' title='bbox 694 2490 830 2587; x_wconf 92' lang='lat' dir='ltr'><strong>opibus</strong></span> <span class='ocrx_word' id='word_1_82' title='bbox 843 2491 1005 2566; x_wconf 85' lang='lat' dir='ltr'><strong>Satanae</strong></span> <span class='ocrx_word' id='word_1_83' title='bbox 1021 2492 1222 2589; x_wconf 83' lang='lat' dir='ltr'><strong>imaginem</strong></span> <span class='ocrx_word' id='word_1_84' title='bbox 1233 2493 1379 2580; x_wconf 87' lang='lat' dir='ltr'><strong>conflat,</strong></span> 
     </span>
     <span class='ocr_line' id='line_1_16' title="bbox 580 2604 1381 2703; baseline 0.005 -26"><span class='ocrx_word' id='word_1_85' title='bbox 580 2604 680 2677; x_wconf 86' lang='lat' dir='ltr'><strong>haud</strong></span> <span class='ocrx_word' id='word_1_86' title='bbox 708 2606 811 2679; x_wconf 93' lang='lat' dir='ltr'><strong>omni</strong></span> <span class='ocrx_word' id='word_1_87' title='bbox 839 2631 887 2679; x_wconf 88' lang='lat' dir='ltr'><strong>ex</strong></span> <span class='ocrx_word' id='word_1_88' title='bbox 915 2622 1023 2703; x_wconf 86' lang='lat' dir='ltr'><strong>parte</strong></span> <span class='ocrx_word' id='word_1_89' title='bbox 1052 2608 1298 2684; x_wconf 86' lang='lat' dir='ltr'><strong>admiratione</strong></span> <span class='ocrx_word' id='word_1_90' title='bbox 1323 2635 1381 2681; x_wconf 86' lang='lat' dir='ltr'><strong>su-</strong></span> 
     </span>
     <span class='ocr_line' id='line_1_17' title="bbox 580 2722 1380 2822; baseline 0.006 -30"><span class='ocrx_word' id='word_1_91' title='bbox 580 2735 788 2818; x_wconf 91' lang='lat' dir='ltr'><strong>spectuque</strong></span> <span class='ocrx_word' id='word_1_92' title='bbox 831 2722 1044 2819; x_wconf 86' lang='lat' dir='ltr'><strong>indignam:</strong></span> <span class='ocrx_word' id='word_1_93' title='bbox 1089 2748 1186 2819; x_wconf 87' lang='lat' dir='ltr'><strong>quae</strong></span> <span class='ocrx_word' id='word_1_94' title='bbox 1227 2726 1380 2822; x_wconf 88' lang='lat' dir='ltr'><strong>quidem</strong></span> 
     </span>
     <span class='ocr_line' id='line_1_18' title="bbox 580 2834 1380 2939; baseline 0.008 -30"><span class='ocrx_word' id='word_1_95' title='bbox 580 2834 703 2909; x_wconf 87' lang='lat' dir='ltr'><strong>omnia</strong></span> <span class='ocrx_word' id='word_1_96' title='bbox 746 2834 905 2924; x_wconf 79' lang='lat' dir='ltr'><strong>DanteS‚</strong></span> <span class='ocrx_word' id='word_1_97' title='bbox 945 2863 1015 2911; x_wconf 92' lang='lat' dir='ltr'><strong>suo</strong></span> <span class='ocrx_word' id='word_1_98' title='bbox 1051 2864 1157 2913; x_wconf 89' lang='lat' dir='ltr'><strong>more</strong></span> <span class='ocrx_word' id='word_1_99' title='bbox 1189 2842 1380 2939; x_wconf 90' lang='lat' dir='ltr'><strong>modoque</strong></span> 
     </span>
     <span class='ocr_line' id='line_1_19' title="bbox 578 2951 1381 3054; baseline 0.009 -31"><span class='ocrx_word' id='word_1_100' title='bbox 578 2952 740 3048; x_wconf 86' lang='lat' dir='ltr'><strong>agendo,</strong></span> <span class='ocrx_word' id='word_1_101' title='bbox 771 2951 982 3027; x_wconf 80' lang='lat' dir='ltr'><strong>Luciferum</strong></span> <span class='ocrx_word' id='word_1_102' title='bbox 1002 2980 1111 3028; x_wconf 90' lang='lat' dir='ltr'><strong>suum</strong></span> <span class='ocrx_word' id='word_1_103' title='bbox 1129 2956 1278 3043; x_wconf 88' lang='lat' dir='ltr'><strong>evolvit,</strong></span> <span class='ocrx_word' id='word_1_104' title='bbox 1299 2982 1381 3054; x_wconf 91' lang='lat' dir='ltr'><strong>per-</strong></span> 
     </span>
     <span class='ocr_line' id='line_1_20' title="bbox 579 3069 1380 3167; baseline 0.01 -29"><span class='ocrx_word' id='word_1_105' title='bbox 579 3091 712 3140; x_wconf 90' lang='lat' dir='ltr'><strong>sonam</strong></span> <span class='ocrx_word' id='word_1_106' title='bbox 731 3093 855 3165; x_wconf 88' lang='lat' dir='ltr'><strong>aeque</strong></span> <span class='ocrx_word' id='word_1_107' title='bbox 876 3069 963 3143; x_wconf 92' lang='lat' dir='ltr'><strong>Deo</strong></span> <span class='ocrx_word' id='word_1_108' title='bbox 978 3070 1229 3167; x_wconf 89' lang='lat' dir='ltr'><strong>omnibusque</strong></span> <span class='ocrx_word' id='word_1_109' title='bbox 1245 3086 1380 3145; x_wconf 88' lang='lat' dir='ltr'><strong>morta-</strong></span> 
     </span>
    </p>
   </div>
   <div class='ocr_carea' id='block_1_4' title="bbox 0 0 1554 4400">
    <p class='ocr_par' dir='ltr' id='par_1_5' title="bbox 0 0 1554 4400">
     <span class='ocr_line' id='line_1_21' title="bbox 0 0 1554 4400; baseline 0 4"><span class='ocrx_word' id='word_1_110' title='bbox 0 0 1554 4400; x_wconf 95' lang='lat' dir='ltr'><strong> </strong></span> 
     </span>
    </p>
   </div>
  </div>
 </body>
</html>
