3100 4400
567 501 643 544 LVIII
842 497 919 541 PARS
934 496 1084 539 SECUNDA

387 748 478 791 tucior
564 724 686 821 possit
712 723 908 818 antitypon
935 720 1112 795 existere:
1144 724 1364 819 etquidem

332 821 530 937 Dm2d{”1„sffls‚
567 840 737 913 Lucifero
766 839 849 935 ipsa
881 863 950 911 sua
986 835 1105 910 forma
1141 853 1180 911 et
1216 841 1364 935 species

566 980 722 1029 necesse
751 969 811 1027 est
829 979 981 1050 semper
998 953 1202 1049 opprobrio
1222 956 1280 1041 sit,
1302 956 1368 1029 mi-

567 1072 664 1144 nime
679 1068 901 1166 gloriationi.
914 1068 1117 1164 Utcunque
1131 1085 1257 1143 autem
1272 1071 1367 1145 haec

568 1213 609 1261 se
624 1186 800 1270 habeant,
818 1185 890 1258 etsi
905 1210 1035 1257 verum
1054 1184 1164 1258 suerit
1183 1186 1256 1260 Dei
1275 1188 1367 1260 anti-

567 1317 698 1397 typum
728 1299 883 1385 Lucifer,
915 1299 1003 1372 nihil
1032 1300 1184 1373 omnino
1212 1301 1259 1374 de
1278 1303 1371 1375 anti-

568 1417 671 1513 typia
699 1432 883 1489 memorat
913 1416 1076 1489 Dantes:
1107 1416 1145 1487 in
1175 1416 1246 1490 hoc
1274 1418 1370 1491 forte

568 1533 686 1605 ironia
713 1531 956 1605 subtilissima
990 1558 1092 1604 usus.

624 1646 791 1733 Cassius,
823 1647 970 1732 Brutus,
999 1647 1117 1741 Judas
1154 1648 1368 1722 Iscariotes·:

570 1789 656 1837 ecce
686 1779 763 1836 tres
796 1763 958 1836 artifices
991 1763 1238 1859 nequitiarum
1275 1765 1372 1860 prin-

571 1880 684 1974 cipeS,
725 1904 822 1974 quos
860 1877 1019 1951 Satanas
1053 1877 1176 1951 ferinis
1197 1879 1373 1953 dentibus

571 1994 710 2067 lacerat
737 2010 776 2067 et
804 1993 964 2067 mandit:
995 1994 1097 2089 prior
1116 1993 1175 2069 ille
1194 1995 1296 2091 regis
1316 1996 1374 2068 sui

572 2109 751 2206 proditor,
783 2108 878 2182 alter
906 2110 1007 2206 regis
1029 2124 1144 2205 atque
1163 2110 1280 2195 amici,
1302 2125 1374 2183 ter-

573 2226 646 2298 tius
676 2225 782 2297 amici
812 2241 851 2298 et
878 2227 979 2322 regis
1008 2241 1047 2299 et
1076 2225 1150 2299 Dei
1179 2227 1248 2299 sui.

629 2339 770 2413 Locum
799 2366 895 2413 nunc
922 2339 1177 2413 difficillimum
1214 2343 1373 2424 adimus

574 2456 637 2529 ubi
666 2481 798 2528 revera
825 2455 1034 2528 ascendunt
1064 2455 1212 2529 Dantes
1242 2457 1376 2553 Vergi-

574 2571 732 2667 liusque,
749 2571 839 2643 dum
868 2571 1096 2644 descendere
1115 2571 1289 2644 videntur
1309 2597 1377 2667 per

577 2686 735 2759 Luciferi
763 2702 866 2760 artus
888 2687 1070 2758 immanes
1091 2686 1276 2784 (eiusdem
1295 2712 1378 2759 can-

577 2817 637 2875 tus
666 2802 788 2898 quarti
817 2818 856 2875 et
883 2801 1064 2898 trigesimi
1088 2829 1148 2874 vv.
1168 2802 1377 2900 Lxx-xum).

585 2943 602 2987 «
639 2917 725 2990 Hoc
763 2934 942 3013 punctum
973 2945 1009 3003 r,
1057 2917 1177 3014 inquit
1213 2917 1376 3002 Norton‚

586 3048 790 3105 «centrum
819 3048 878 3106 est
906 3030 1045 3106 mundi.
1073 3031 1169 3105 Cum
1189 3032 1380 3129 Vergilius

580 3174 694 3243 super
712 3174 844 3221 coxam
865 3148 1022 3222 Luciferi
1043 3175 1084 3222 se
1099 3149 1283 3221 convertit
1297 3173 1381 3244 per·
