3100 4400
323 840 419 883 Dantels
431 838 520 883 tuteris.

556 448 656 492 va111
837 447 915 489 PARS
930 446 1081 489 SECUNDA

556 672 627 747 hoc
649 672 759 747 fuerit
776 672 901 747 officio
920 671 1069 747 functus
1088 672 1162 747 iam
1181 673 1361 747 vidimus.

557 790 752 864 Peccatum
782 804 822 862 et
851 788 970 875 Mors,
996 788 1199 885 progenies
1218 788 1365 863 scilicet

556 904 691 978 summi
705 904 815 977 huius
830 904 1044 1000 proditoris
1055 902 1257 1001 Canesque
1268 904 1363 978 Tar—

555 1021 647 1095 tarei
676 1020 734 1093 his
762 1020 982 1116 parentibus
1010 1021 1093 1106 orti,
1123 1036 1252 1093 mutuo
1272 1047 1362 1094 sese

556 1135 803 1210 concruciant.
834 1135 912 1231 Ipsi
941 1151 1068 1209 tamen
1096 1134 1261 1209 Satanae
1295 1136 1362 1208 vix

556 1268 595 1327 et
622 1278 669 1326 ne
698 1251 760 1324 vix
787 1250 941 1347 quidem
970 1251 1148 1325 minuitur
1174 1251 1358 1349 dignitas3

555 1367 694 1441 illusori
722 1366 808 1440 huic
830 1366 981 1463 generis
1004 1366 1156 1441 humani
1175 1384 1303 1441 manet
1322 1384 1363 1441 et

555 1483 674 1582 glon'a
701 1509 770 1557 sua
790 1508 975 1579 suumque
990 1482 1110 1556 sidus:
1139 1482 1361 1579 «lacrymas

556 1600 621 1673 flet
648 1598 780 1696 quales
809 1598 962 1672 sundere
990 1614 1133 1694 queant
1164 1598 1289 1695 angeli
1318 1626 1359 1673 ».

557 1716 638 1789 Nec
658 1715 745 1789 sinit
761 1706 950 1788 ¹dubitatio
966 1713 1134 1788 Miltonis
1153 1715 1363 1810 puritanica

556 1846 595 1904 et
607 1829 866 1925 philosophica
879 1844 921 1901 ut
936 1853 1060 1902 meros
1075 1828 1247 1903 homines
1264 1829 1363 1903 Isca-

557 1946 683 2029 riotaS,
708 1944 860 2030 Calnos
883 1942 1126 2017 Straflordios
1147 1945 1183 2017 in
1203 1944 1360 2018 easdem

557 2061 711 2135 damnet
738 2085 883 2156 poenas
915 2085 959 2132 ac
989 2057 1220 2133 Cherubios:
1255 2058 1363 2133 Sata-

557 2204 643 2251 nam
672 2176 858 2274 siquidem
891 2176 970 2251 edit
1004 2175 1196 2273 praeclara
1232 2178 1360 2275 specie

557 2309 804 2391 peccatorem,
835 2292 1085 2389 magnificum,
1116 2318 1204 2367 vere
1237 2293 1361 2367 lecis-

556 2435 649 2494 rum,
680 2408 832 2505 ingenio
859 2408 1050 2492 acerrim0,
1073 2407 1275 2503 splendore
1295 2435 1361 2505 pa-

557 2551 638 2598 rum
667 2524 873 2597 imminuto,
896 2523 1047 2597 Nedum
1068 2522 1240 2620 squaleat
1258 2524 1360 2598 lasti-

557 2641 696 2737 dioque
725 2641 774 2712 sit
801 2639 1032 2726 mortalibus
1063 2640 1162 2713 inest
1194 2639 1361 2714 Satanae

557 2758 685 2830 neseio
704 2755 805 2852 quid,
827 2755 931 2852 quod
949 2755 1105 2829 aflectus
1125 2772 1276 2829 nostros
1295 2756 1361 2829 hu-

558 2872 744 2946 maniores
774 2871 960 2944 conciliet:
990 2897 1076 2944 eum
1104 2872 1202 2945 inter
1229 2888 1268 2945 et
1286 2897 1359 2946 nos

557 3003 726 3084 praestat
753 3013 871 3060 nexus
900 2987 1052 3084 quidam
1081 2987 1326 3084 sympathiae.
