<?xml version="1.0" encoding="UTF-8"?>
<!DOCTYPE html PUBLIC "-//W3C//DTD XHTML 1.0 Transitional//EN"
    "http://www.w3.org/TR/xhtml1/DTD/xhtml1-transitional.dtd">
<html xmlns="http://www.w3.org/1999/xhtml" xml:lang="en" lang="en">
 <head>
  <title>
</title>
<meta http-equiv="Content-Type" content="text/html;charset=utf-8" />
  <meta name='ocr-system' content='tesseract 3.04.00' />
  <meta name='ocr-capabilities' content='ocr_page ocr_carea ocr_par ocr_line ocrx_word'/>
</head>
<body>
  <div class='ocr_page' id='page_1' title='image "./dedeolapsocomme02kenngoog_0137.png"; bbox 0 0 3100 4400; ppageno 0'>
   <div class='ocr_carea' id='block_1_1' title="bbox 334 874 528 919">
    <p class='ocr_par' dir='ltr' id='par_1_1' title="bbox 334 874 528 919">
     <span class='ocr_line' id='line_1_1' title="bbox 334 874 528 919; baseline 0 0"><span class='ocrx_word' id='word_1_1' title='bbox 334 876 431 919; x_wconf 73' lang='lat' dir='ltr'>Danteis</span> <span class='ocrx_word' id='word_1_2' title='bbox 441 874 528 919; x_wconf 75' lang='lat' dir='ltr'>Inferis.</span> 
     </span>
    </p>
   </div>
   <div class='ocr_carea' id='block_1_2' title="bbox 566 478 1091 524">
    <p class='ocr_par' dir='ltr' id='par_1_2' title="bbox 566 478 1091 524">
     <span class='ocr_line' id='line_1_2' title="bbox 566 478 1091 524; baseline -0.006 -1"><span class='ocrx_word' id='word_1_3' title='bbox 566 481 631 524; x_wconf 83' lang='lat' dir='ltr'>LXII</span> <span class='ocrx_word' id='word_1_4' title='bbox 850 479 927 522; x_wconf 80' lang='lat' dir='ltr'>PARS</span> <span class='ocrx_word' id='word_1_5' title='bbox 941 478 1091 521; x_wconf 81' lang='lat' dir='ltr'>SECUNDA</span> 
     </span>
    </p>
   </div>
   <div class='ocr_carea' id='block_1_3' title="bbox 565 709 1370 3236">
    <p class='ocr_par' dir='ltr' id='par_1_3' title="bbox 565 709 1370 3236">
     <span class='ocr_line' id='line_1_3' title="bbox 621 709 1366 800; baseline 0.001 -15"><span class='ocrx_word' id='word_1_6' title='bbox 621 712 664 785; x_wconf 93' lang='lat' dir='ltr'>In</span> <span class='ocrx_word' id='word_1_7' title='bbox 679 712 845 785; x_wconf 92' lang='lat' dir='ltr'>omnium</span> <span class='ocrx_word' id='word_1_8' title='bbox 865 709 1072 785; x_wconf 85' lang='lat' dir='ltr'><strong>mortalium</strong></span> <span class='ocrx_word' id='word_1_9' title='bbox 1084 710 1162 785; x_wconf 91' lang='lat' dir='ltr'>vita</span> <span class='ocrx_word' id='word_1_10' title='bbox 1176 711 1252 784; x_wconf 92' lang='lat' dir='ltr'>duo</span> <span class='ocrx_word' id='word_1_11' title='bbox 1267 728 1366 800; x_wconf 90' lang='lat' dir='ltr'>sunt,</span> 
     </span>
     <span class='ocr_line' id='line_1_4' title="bbox 567 826 1370 925; baseline -0.001 -24"><span class='ocrx_word' id='word_1_12' title='bbox 567 854 665 925; x_wconf 90' lang='lat' dir='ltr'>quae</span> <span class='ocrx_word' id='word_1_13' title='bbox 692 827 937 901; x_wconf 87' lang='lat' dir='ltr'>vehementer</span> <span class='ocrx_word' id='word_1_14' title='bbox 965 826 1013 899; x_wconf 92' lang='lat' dir='ltr'>de</span> <span class='ocrx_word' id='word_1_15' title='bbox 1041 826 1198 923; x_wconf 90' lang='lat' dir='ltr'>imperio</span> <span class='ocrx_word' id='word_1_16' title='bbox 1219 844 1370 901; x_wconf 90' lang='lat' dir='ltr'>conten-</span> 
     </span>
     <span class='ocr_line' id='line_1_5' title="bbox 566 941 1368 1040; baseline 0 -23"><span class='ocrx_word' id='word_1_17' title='bbox 566 944 677 1018; x_wconf 92' lang='lat' dir='ltr'>dunt:</span> <span class='ocrx_word' id='word_1_18' title='bbox 709 943 880 1040; x_wconf 87' lang='lat' dir='ltr'>Spiritus,</span> <span class='ocrx_word' id='word_1_19' title='bbox 911 942 1022 1017; x_wconf 86' lang='lat' dir='ltr'>Car0.</span> <span class='ocrx_word' id='word_1_20' title='bbox 1054 942 1124 1015; x_wconf 90' lang='lat' dir='ltr'>Est</span> <span class='ocrx_word' id='word_1_21' title='bbox 1153 941 1368 1016; x_wconf 88' lang='lat' dir='ltr'><strong>Intellectus</strong></span> 
     </span>
     <span class='ocr_line' id='line_1_6' title="bbox 565 1057 1369 1155; baseline 0 -22"><span class='ocrx_word' id='word_1_22' title='bbox 565 1060 728 1134; x_wconf 90' lang='lat' dir='ltr'>officium</span> <span class='ocrx_word' id='word_1_23' title='bbox 747 1059 838 1132; x_wconf 93' lang='lat' dir='ltr'>dum</span> <span class='ocrx_word' id='word_1_24' title='bbox 857 1057 1085 1155; x_wconf 88' lang='lat' dir='ltr'>praeliantur</span> <span class='ocrx_word' id='word_1_25' title='bbox 1102 1059 1266 1132; x_wconf 87' lang='lat' dir='ltr'>medium</span> <span class='ocrx_word' id='word_1_26' title='bbox 1294 1074 1369 1133; x_wconf 89' lang='lat' dir='ltr'>sta-</span> 
     </span>
     <span class='ocr_line' id='line_1_7' title="bbox 565 1174 1368 1260; baseline -0.002 -11"><span class='ocrx_word' id='word_1_27' title='bbox 565 1201 616 1260; x_wconf 89' lang='lat' dir='ltr'>re,</span> <span class='ocrx_word' id='word_1_28' title='bbox 656 1175 776 1249; x_wconf 86' lang='lat' dir='ltr'>neutri</span> <span class='ocrx_word' id='word_1_29' title='bbox 812 1175 1018 1259; x_wconf 90' lang='lat' dir='ltr'>faventem;</span> <span class='ocrx_word' id='word_1_30' title='bbox 1062 1191 1102 1248; x_wconf 91' lang='lat' dir='ltr'>et</span> <span class='ocrx_word' id='word_1_31' title='bbox 1133 1188 1281 1247; x_wconf 76' lang='lat' dir='ltr'>&#39;tantum</span> <span class='ocrx_word' id='word_1_32' title='bbox 1315 1174 1368 1248; x_wconf 88' lang='lat' dir='ltr'>ef-</span> 
     </span>
     <span class='ocr_line' id='line_1_8' title="bbox 565 1288 1368 1386; baseline 0.001 -22"><span class='ocrx_word' id='word_1_33' title='bbox 565 1290 641 1364; x_wconf 90' lang='lat' dir='ltr'>ficit</span> <span class='ocrx_word' id='word_1_34' title='bbox 662 1305 705 1363; x_wconf 89' lang='lat' dir='ltr'>ut</span> <span class='ocrx_word' id='word_1_35' title='bbox 728 1288 943 1363; x_wconf 90' lang='lat' dir='ltr'>nonnullam</span> <span class='ocrx_word' id='word_1_36' title='bbox 963 1290 1155 1364; x_wconf 90' lang='lat' dir='ltr'>notionem</span> <span class='ocrx_word' id='word_1_37' title='bbox 1179 1290 1368 1386; x_wconf 88' lang='lat' dir='ltr'>impertiat</span> 
     </span>
     <span class='ocr_line' id='line_1_9' title="bbox 566 1404 1367 1501; baseline 0 -23"><span class='ocrx_word' id='word_1_38' title='bbox 566 1406 698 1479; x_wconf 86' lang='lat' dir='ltr'>interni</span> <span class='ocrx_word' id='word_1_39' title='bbox 718 1404 927 1478; x_wconf 86' lang='lat' dir='ltr'>conflictus:</span> <span class='ocrx_word' id='word_1_40' title='bbox 948 1431 1017 1501; x_wconf 91' lang='lat' dir='ltr'>per</span> <span class='ocrx_word' id='word_1_41' title='bbox 1030 1431 1072 1479; x_wconf 93' lang='lat' dir='ltr'>se</span> <span class='ocrx_word' id='word_1_42' title='bbox 1093 1404 1263 1477; x_wconf 80' lang='lat' dir='ltr'>Pontifex</span> <span class='ocrx_word' id='word_1_43' title='bbox 1281 1430 1367 1478; x_wconf 93' lang='lat' dir='ltr'>con-</span> 
     </span>
     <span class='ocr_line' id='line_1_10' title="bbox 566 1512 1368 1595; baseline -0.001 -1"><span class='ocrx_word' id='word_1_44' title='bbox 566 1521 717 1595; x_wconf 91' lang='lat' dir='ltr'>stitutus</span> <span class='ocrx_word' id='word_1_45' title='bbox 741 1521 930 1594; x_wconf 87' lang='lat' dir='ltr'>Maximus</span> <span class='ocrx_word' id='word_1_46' title='bbox 959 1522 1016 1593; x_wconf 91' lang='lat' dir='ltr'>ius</span> <span class='ocrx_word' id='word_1_47' title='bbox 1041 1519 1111 1593; x_wconf 93' lang='lat' dir='ltr'>sibi</span> <span class='ocrx_word' id='word_1_48' title='bbox 1130 1519 1297 1592; x_wconf 92' lang='lat' dir='ltr'>divinum</span> <span class='ocrx_word' id='word_1_49' title='bbox 1316 1512 1368 1593; x_wconf 86' lang='lat' dir='ltr'>in·</span> 
     </span>
     <span class='ocr_line' id='line_1_11' title="bbox 565 1634 1367 1733; baseline -0.001 -22"><span class='ocrx_word' id='word_1_50' title='bbox 565 1636 897 1733; x_wconf 89' lang='lat' dir='ltr'>fallibilitatemque</span> <span class='ocrx_word' id='word_1_51' title='bbox 930 1634 1137 1732; x_wconf 89' lang='lat' dir='ltr'>proclamat</span> <span class='ocrx_word' id='word_1_52' title='bbox 1172 1634 1367 1710; x_wconf 88' lang='lat' dir='ltr'>inhaerere</span> 
     </span>
     <span class='ocr_line' id='line_1_12' title="bbox 565 1751 1364 1848; baseline 0 -23"><span class='ocrx_word' id='word_1_53' title='bbox 565 1768 606 1826; x_wconf 86' lang='lat' dir='ltr'>ut</span> <span class='ocrx_word' id='word_1_54' title='bbox 643 1778 793 1827; x_wconf 88' lang='lat' dir='ltr'>omnem</span> <span class='ocrx_word' id='word_1_55' title='bbox 831 1752 1056 1825; x_wconf 84' lang='lat' dir='ltr'>determinet</span> <span class='ocrx_word' id='word_1_56' title='bbox 1091 1751 1364 1848; x_wconf 88' lang='lat' dir='ltr'>quaestionem,</span> 
     </span>
     <span class='ocr_line' id='line_1_13' title="bbox 566 1867 1366 1943; baseline 0.003 -3"><span class='ocrx_word' id='word_1_57' title='bbox 566 1870 645 1942; x_wconf 90' lang='lat' dir='ltr'>sive</span> <span class='ocrx_word' id='word_1_58' title='bbox 674 1869 722 1943; x_wconf 91' lang='lat' dir='ltr'>de</span> <span class='ocrx_word' id='word_1_59' title='bbox 750 1869 825 1941; x_wconf 91' lang='lat' dir='ltr'>fide</span> <span class='ocrx_word' id='word_1_60' title='bbox 852 1868 932 1941; x_wconf 90' lang='lat' dir='ltr'>sive</span> <span class='ocrx_word' id='word_1_61' title='bbox 952 1868 1000 1942; x_wconf 91' lang='lat' dir='ltr'>de</span> <span class='ocrx_word' id='word_1_62' title='bbox 1019 1868 1198 1941; x_wconf 90' lang='lat' dir='ltr'>moribus.</span> <span class='ocrx_word' id='word_1_63' title='bbox 1219 1867 1278 1939; x_wconf 86' lang='lat' dir='ltr'>Ex</span> <span class='ocrx_word' id='word_1_64' title='bbox 1297 1867 1366 1942; x_wconf 90' lang='lat' dir='ltr'>hac</span> 
     </span>
     <span class='ocr_line' id='line_1_14' title="bbox 565 1983 1362 2080; baseline 0.001 -24"><span class='ocrx_word' id='word_1_65' title='bbox 565 1983 771 2057; x_wconf 86' lang='lat' dir='ltr'>intellectus</span> <span class='ocrx_word' id='word_1_66' title='bbox 800 1983 1048 2057; x_wconf 85' lang='lat' dir='ltr'>indifferentia</span> <span class='ocrx_word' id='word_1_67' title='bbox 1076 2009 1189 2080; x_wconf 90' lang='lat' dir='ltr'>quam</span> <span class='ocrx_word' id='word_1_68' title='bbox 1215 2000 1362 2070; x_wconf 90' lang='lat' dir='ltr'>vocant,</span> 
     </span>
     <span class='ocr_line' id='line_1_15' title="bbox 566 2097 1367 2184; baseline 0.004 -14"><span class='ocrx_word' id='word_1_69' title='bbox 566 2099 655 2171; x_wconf 90' lang='lat' dir='ltr'>dum</span> <span class='ocrx_word' id='word_1_70' title='bbox 685 2099 785 2172; x_wconf 89' lang='lat' dir='ltr'>bona</span> <span class='ocrx_word' id='word_1_71' title='bbox 809 2125 893 2171; x_wconf 90' lang='lat' dir='ltr'>cum</span> <span class='ocrx_word' id='word_1_72' title='bbox 912 2097 1019 2171; x_wconf 90' lang='lat' dir='ltr'>malis</span> <span class='ocrx_word' id='word_1_73' title='bbox 1039 2098 1284 2184; x_wconf 87' lang='lat' dir='ltr'>conferuntur,</span> <span class='ocrx_word' id='word_1_74' title='bbox 1306 2125 1367 2173; x_wconf 88' lang='lat' dir='ltr'>na-</span> 
     </span>
     <span class='ocr_line' id='line_1_16' title="bbox 566 2213 1365 2290; baseline 0.003 -2"><span class='ocrx_word' id='word_1_75' title='bbox 566 2231 625 2288; x_wconf 86' lang='lat' dir='ltr'>tus</span> <span class='ocrx_word' id='word_1_76' title='bbox 654 2230 714 2288; x_wconf 90' lang='lat' dir='ltr'>est</span> <span class='ocrx_word' id='word_1_77' title='bbox 743 2215 900 2288; x_wconf 80' lang='lat' dir='ltr'>Lucifer.</span> <span class='ocrx_word' id='word_1_78' title='bbox 932 2214 1134 2288; x_wconf 87' lang='lat' dir='ltr'>Hellenum</span> <span class='ocrx_word' id='word_1_79' title='bbox 1158 2213 1365 2290; x_wconf 86' lang='lat' dir='ltr'>intellectus</span> 
     </span>
     <span class='ocr_line' id='line_1_17' title="bbox 565 2329 1364 2427; baseline 0.003 -25"><span class='ocrx_word' id='word_1_80' title='bbox 565 2329 747 2404; x_wconf 90' lang='lat' dir='ltr'>haerebat</span> <span class='ocrx_word' id='word_1_81' title='bbox 774 2330 927 2405; x_wconf 82' lang='lat' dir='ltr'>consilii·</span> <span class='ocrx_word' id='word_1_82' title='bbox 945 2332 1054 2427; x_wconf 89' lang='lat' dir='ltr'>inops</span> <span class='ocrx_word' id='word_1_83' title='bbox 1082 2356 1208 2405; x_wconf 90' lang='lat' dir='ltr'>coram</span> <span class='ocrx_word' id='word_1_84' title='bbox 1242 2330 1364 2405; x_wconf 89' lang='lat' dir='ltr'>Malo:</span> 
     </span>
     <span class='ocr_line' id='line_1_18' title="bbox 565 2446 1362 2542; baseline 0.001 -23"><span class='ocrx_word' id='word_1_85' title='bbox 565 2462 691 2519; x_wconf 85' lang='lat' dir='ltr'>tamen</span> <span class='ocrx_word' id='word_1_86' title='bbox 719 2447 938 2520; x_wconf 88' lang='lat' dir='ltr'>vilissimum</span> <span class='ocrx_word' id='word_1_87' title='bbox 971 2446 1195 2542; x_wconf 89' lang='lat' dir='ltr'>mancipium</span> <span class='ocrx_word' id='word_1_88' title='bbox 1224 2462 1362 2542; x_wconf 86' lang='lat' dir='ltr'>potest,</span> 
     </span>
     <span class='ocr_line' id='line_1_19' title="bbox 565 2561 1367 2658; baseline 0.004 -25"><span class='ocrx_word' id='word_1_89' title='bbox 565 2561 733 2648; x_wconf 91' lang='lat' dir='ltr'>voluerit,</span> <span class='ocrx_word' id='word_1_90' title='bbox 760 2561 940 2636; x_wconf 85' lang='lat' dir='ltr'>Satanam</span> <span class='ocrx_word' id='word_1_91' title='bbox 969 2586 1163 2658; x_wconf 88' lang='lat' dir='ltr'>superare;</span> <span class='ocrx_word' id='word_1_92' title='bbox 1193 2587 1297 2634; x_wconf 91' lang='lat' dir='ltr'>more</span> <span class='ocrx_word' id='word_1_93' title='bbox 1331 2588 1367 2636; x_wconf 92' lang='lat' dir='ltr'>e-</span> 
     </span>
     <span class='ocr_line' id='line_1_20' title="bbox 565 2677 1366 2775; baseline 0.001 -25"><span class='ocrx_word' id='word_1_94' title='bbox 565 2677 639 2750; x_wconf 95' lang='lat' dir='ltr'>nim</span> <span class='ocrx_word' id='word_1_95' title='bbox 681 2679 845 2751; x_wconf 90' lang='lat' dir='ltr'>omnium</span> <span class='ocrx_word' id='word_1_96' title='bbox 887 2704 1146 2775; x_wconf 90' lang='lat' dir='ltr'>quaecumque</span> <span class='ocrx_word' id='word_1_97' title='bbox 1176 2678 1291 2751; x_wconf 85' lang='lat' dir='ltr'>vitam</span> <span class='ocrx_word' id='word_1_98' title='bbox 1329 2678 1366 2751; x_wconf 96' lang='lat' dir='ltr'>in</span> 
     </span>
     <span class='ocr_line' id='line_1_21' title="bbox 566 2790 1366 2890; baseline 0.004 -26"><span class='ocrx_word' id='word_1_99' title='bbox 566 2818 607 2865; x_wconf 89' lang='lat' dir='ltr'>se</span> <span class='ocrx_word' id='word_1_100' title='bbox 635 2790 777 2866; x_wconf 90' lang='lat' dir='ltr'>habent</span> <span class='ocrx_word' id='word_1_101' title='bbox 805 2793 863 2866; x_wconf 93' lang='lat' dir='ltr'>hic</span> <span class='ocrx_word' id='word_1_102' title='bbox 891 2809 1095 2890; x_wconf 89' lang='lat' dir='ltr'>conceptus</span> <span class='ocrx_word' id='word_1_103' title='bbox 1123 2794 1171 2866; x_wconf 92' lang='lat' dir='ltr'>de</span> <span class='ocrx_word' id='word_1_104' title='bbox 1196 2793 1366 2867; x_wconf 90' lang='lat' dir='ltr'>Lucifero</span> 
     </span>
     <span class='ocr_line' id='line_1_22' title="bbox 567 2906 1367 3005; baseline 0.004 -26"><span class='ocrx_word' id='word_1_105' title='bbox 567 2907 654 2981; x_wconf 90' lang='lat' dir='ltr'>Deo</span> <span class='ocrx_word' id='word_1_106' title='bbox 672 2906 792 3005; x_wconf 84' lang='lat' dir='ltr'>lapso,</span> <span class='ocrx_word' id='word_1_107' title='bbox 809 2909 929 2982; x_wconf 92' lang='lat' dir='ltr'>omnis</span> <span class='ocrx_word' id='word_1_108' title='bbox 948 2908 1034 2982; x_wconf 93' lang='lat' dir='ltr'>mali</span> <span class='ocrx_word' id='word_1_109' title='bbox 1054 2925 1217 2994; x_wconf 87' lang='lat' dir='ltr'>auctore,</span> <span class='ocrx_word' id='word_1_110' title='bbox 1235 2908 1299 3005; x_wconf 94' lang='lat' dir='ltr'>qui</span> <span class='ocrx_word' id='word_1_111' title='bbox 1318 2908 1367 2999; x_wconf 90' lang='lat' dir='ltr'>sit</span> 
     </span>
     <span class='ocr_line' id='line_1_23' title="bbox 566 3023 1365 3121; baseline 0.004 -26"><span class='ocrx_word' id='word_1_112' title='bbox 566 3023 647 3119; x_wconf 91' lang='lat' dir='ltr'>ipse</span> <span class='ocrx_word' id='word_1_113' title='bbox 668 3023 864 3097; x_wconf 88' lang='lat' dir='ltr'>Summum</span> <span class='ocrx_word' id='word_1_114' title='bbox 881 3023 1035 3111; x_wconf 90' lang='lat' dir='ltr'>Malum,</span> <span class='ocrx_word' id='word_1_115' title='bbox 1053 3023 1126 3121; x_wconf 87' lang='lat' dir='ltr'>legi</span> <span class='ocrx_word' id='word_1_116' title='bbox 1142 3023 1365 3098; x_wconf 92' lang='lat' dir='ltr'>evolutionis</span> 
     </span>
     <span class='ocr_line' id='line_1_24' title="bbox 565 3138 1366 3236; baseline 0.001 -25"><span class='ocrx_word' id='word_1_117' title='bbox 565 3140 765 3236; x_wconf 85' lang='lat' dir='ltr'>organicae</span> <span class='ocrx_word' id='word_1_118' title='bbox 799 3140 978 3214; x_wconf 90' lang='lat' dir='ltr'>subiacet.</span> <span class='ocrx_word' id='word_1_119' title='bbox 1013 3140 1125 3214; x_wconf 89' lang='lat' dir='ltr'>Mens</span> <span class='ocrx_word' id='word_1_120' title='bbox 1164 3138 1366 3214; x_wconf 90' lang='lat' dir='ltr'>Hellenum</span> 
     </span>
    </p>
   </div>
   <div class='ocr_carea' id='block_1_4' title="bbox 0 0 1554 4400">
    <p class='ocr_par' dir='ltr' id='par_1_4' title="bbox 0 0 1554 4400">
     <span class='ocr_line' id='line_1_25' title="bbox 0 0 1554 4400; baseline 0 0"><span class='ocrx_word' id='word_1_121' title='bbox 0 0 1554 4400; x_wconf 95' lang='lat' dir='ltr'> </span> 
     </span>
    </p>
   </div>
  </div>
 </body>
</html>
