3100 4400
604 477 626 520 X
914 474 992 518 PARS
1006 474 1101 518 mon

380 727 567 782 nonnum.
605 702 702 775 libus
731 699 1014 776 exsecrandam.
1045 698 1231 797 Incipiunt
1259 700 1417 796 utrique

605 844 627 892 e
656 835 766 892 terra.
797 816 966 890 Miltonis
993 816 1141 890 animus
1169 841 1254 889 cum
1282 841 1416 890 ascen-

605 933 734 1020 disset,
774 932 955 1006 Satanum
988 931 1172 1028 comperit
1205 931 1292 1005 Deo
1325 957 1415 1029 prm

605 1048 763 1135 ximum;
793 1047 988 1122 descendit
1009 1046 1156 1120 Dantes
1176 1047 1213 1121 in
1232 1047 1416 1121 interiora

605 1180 738 1252 terrae,
777 1181 818 1238 et
854 1164 891 1237 in
930 1163 1053 1237 infima
1090 1165 1230 1261 abysso
1266 1164 1413 1238 invenit

607 1280 748 1354 Ditem.

659 1509 896 1584 Recentioris
915 1508 1109 1583 cuiusdam
1129 1527 1267 1606 poetae
1282 1534 1411 1585 exem-

607 1624 708 1722 plum
723 1625 861 1698 auxilio
880 1624 1005 1698 forsan
1023 1625 1132 1698 nobis
1151 1626 1223 1700 erit
1240 1625 1290 1699 ad
1310 1651 1411 1698 eom-

604 1740 909 1838 prchendcndam
933 1766 1163 1814 summorum
1182 1758 1312 1815 vatum
1331 1741 1409 1814 vim

604 1855 908 1953 imaginativam;
956 1881 1054 1952 qnae
1096 1855 1250 1953 quidem
1291 1854 1410 1952 vulgo

603 1971 766 2045 creativa
785 1988 992 2068 reputatur,
1013 1971 1103 2069 quin
1129 1987 1255 2046 tamen
1274 1971 1326 2046 ita
1345 1973 1407 2046 sit.

603 2086 717 2185 Vulgi
750 2087 878 2184 ipsius,
913 2087 1030 2184 ipsius
1062 2086 1213 2184 generis
1254 2088 1408 2161 humani

601 2204 659 2277 vis
687 2204 809 2277 omnis
837 2204 1065 2302 imaginandi
1085 2220 1146 2278 est
1163 2230 1263 2302 quae
1282 2220 1405 2280 creet:

602 2320 699 2393 vatis
727 2320 916 2416 ingenium
950 2321 1295 2394 transmutativum:
1330 2319 1407 2395 tale

601 2434 669 2508 suit
696 2433 858 2531 Shelleyi
887 2435 1090 2534 ingenium.
1121 2435 1274 2511 Fabulis
1298 2436 1405 2511 troici

601 2577 719 2648 epeos
729 2550 892 2648 Shelleyi
907 2552 1051 2626 animus
1065 2552 1246 2626 affluebat
1257 2580 1265 2639 3
1278 2578 1406 2627 vesce-

601 2669 721 2753 batur,
735 2683 776 2740 ut
790 2668 842 2740 ita
856 2667 989 2754 dicam,
1002 2670 1109 2765 poesi
1124 2668 1275 2743 heroica
1289 2685 1405 2766 atquc

600 2784 805 2857 dramatica
836 2784 942 2880 graia
969 2783 1159 2882 latinaque
1167 2812 1175 2870 ;
1205 2810 1275 2859 nec
1303 2785 1401 2859 obici

601 2915 708 2975 erant
735 2898 784 2973 illi
812 2900 936 2974 minae
965 2900 1238 2998 interdictaque
1257 2900 1403 2999 religio-

602 3042 689 3089 num
718 3015 917 3112 quominus
946 3016 981 3088 in
1011 3016 1080 3089 hac
1113 3032 1221 3113 parte
1251 3016 1404 3114 ingenio

601 3157 671 3205 suo
699 3130 815 3205 libere
843 3130 1066 3229 indulgeret.
