3100 4400
562 510 640 555 xL111
843 508 921 552 PARS
936 508 1087 553 SECUNDA

383 760 474 805 caure
563 760 685 811 racem
703 733 882 831 negligat.
899 732 1143 809 Obliviscitur
1160 733 1369 829 Erinnyum

328 832 527 950 „dmm
562 876 671 949 quae,
695 848 911 923 «scelerum
927 849 1231 923 vindicandorum
1250 874 1368 944 eausa

564 983 684 1053 natae,
720 965 897 1039 tenebras
931 964 1139 1040 inhabitant
1180 979 1366 1039 tartareas

562 1084 693 1157 subter
702 1097 850 1166 terram,
863 1080 1074 1156 hominibus
1085 1096 1200 1178 atque
1215 1080 1285 1153 diis
1301 1107 1367 1177 pe·

563 1223 736 1272 rosae».
767 1196 818 1271 Et
845 1196 997 1294 quidem
1024 1196 1062 1269 in
1099 1196 1177 1270 suis
1215 1194 1366 1269 Cenciis

561 1315 735 1388 eamdem
764 1338 843 1387 rem
871 1312 952 1409 agit
979 1310 1131 1408 Shelley
1157 1336 1201 1385 ac
1228 1312 1266 1384 in
1288 1311 1364 1383 Eu-

562 1429 772 1503 menidibus
802 1427 1024 1524 Aeschylus,
1055 1453 1125 1502 nec
1161 1426 1365 1525 quicquam

562 1544 649 1619 novi
676 1544 789 1617 insert
815 1544 865 1617 ad
894 1568 1080 1616 summum
1109 1542 1205 1617 inter
1237 1542 1365 1616 omnia

560 1659 682 1736 scelus
704 1659 969 1733 infamandum.
991 1656 1093 1751 Quid
1113 1656 1252 1731 multa?
1272 1656 1363 1750 Quo

561 1776 738 1849 intentius
775 1774 907 1849 faciem
949 1772 1047 1847 illam
1084 1771 1247 1871 Shelleyi
1283 1789 1363 1846 tue-

560 1917 652 1977 mur,
670 1915 745 1987 qua
755 1888 985 1986 Aeschylum
1003 1888 1165 1985 respicit,
1176 1913 1224 1962 eo
1239 1888 1363 1984 magis

558 2006 623 2079 lux
650 2006 730 2079 eius
758 2004 897 2079 lunaris
924 2019 1093 2101 apparet,
1115 2029 1191 2077 non
1210 2003 1361 2090 solaris;

560 2147 635 2196 non
664 2147 742 2209 sua,
773 2121 843 2195 sed
871 2136 1050 2194 mutuata.
1078 2118 1256 2217 Aeschyli
1276 2120 1363 2193 Pro-

559 2238 731 2313 metheus
768 2252 808 2311 et
845 2235 1007 2334 Shelleyi
1044 2236 1144 2311 idem
1181 2252 1259 2311 est:
1290 2235 1363 2309 Fu-

558 2354 635 2427 riae
655 2351 893 2448 shelleyanae
921 2354 970 2426 ab
999 2351 1271 2427 Eumenidibus
1289 2350 1361 2426 illis

558 2468 658 2543 haud
677 2468 854 2543 differunt
879 2467 1086 2566 virginibus
1106 2467 1226 2542 foedis
1244 2484 1361 2565 atque

557 2583 754 2656 horrendis
771 2610 791 2654 e
810 2608 968 2679 quarum
992 2600 1033 2658 et
1054 2583 1093 2656 di
1110 2581 1360 2680 hominesque

557 2697 734 2795 seraeque
752 2697 947 2773 fastidiunt
965 2713 1140 2773 torum».
1170 2697 1358 2796 Nymphis

557 2830 683 2888 tamen
694 2814 937 2888 oceanidibus
953 2839 1072 2889 novos
1084 2814 1177 2888 indit
1192 2814 1356 2910 spiritus:

557 2929 795 3025 shelleyanae
821 2928 933 3026 plane
953 2945 1055 3003 sunt:
1077 2930 1125 3004 de
1145 2929 1358 3004 formidabi-

556 3044 648 3119 liore
675 3061 803 3119 autem
831 3071 944 3142 quam
969 3044 1164 3119 Furiarum
1189 3044 1225 3117 in
1245 3043 1359 3118 scele-

558 3161 820 3250 stosvindicta,
837 3160 909 3258 ipsi
920 3160 1110 3258 Aeschylo
1125 3186 1200 3235 non
1220 3160 1359 3258 incogi-
