3100 4400
597 452 617 493 1.
876 450 955 493 PARS
969 450 1120 493 SECUNDA

418 699 508 741 Lucifer
597 691 742 749 tantum
770 690 812 748 ut
838 673 1004 747 invidum
1023 674 1237 748 hominibus
1262 673 1415 747 malefi-

364 772 562 886 „mssnfflsm
597 816 756 887 cumque
790 806 946 886 spectat,
981 815 1048 864 nec
1080 790 1174 864 inter
1209 789 1414 884 potentias

598 904 813 1003 spirituales
841 905 1053 980 censendus
1074 906 1241 991 videtur;
1262 906 1413 978 nedum

598 1022 760 1097 Satanas
789 1022 848 1096 hic
871 1021 957 1095 mali
976 1022 1111 1119 ingens
1132 1021 1258 1119 aliqua
1275 1022 1336 1093 vis
1358 1022 1414 1094 sit

599 1154 638 1213 et
669 1138 849 1234 potentia,
884 1137 1044 1212 rusticus
1077 1152 1222 1211 tantum
1255 1153 1295 1210 et
1330 1152 1412 1209 stu-

598 1253 709 1350 pidus
728 1269 889 1349 apparet
907 1278 1008 1327 osor.
1030 1253 1080 1326 Et
1098 1278 1329 1351 quamquam
1349 1278 1413 1325 ra-

599 1369 675 1443 bini
704 1385 782 1443 tres
801 1368 887 1443 mali
907 1368 1002 1443 illius
1021 1369 1217 1443 daemonis
1236 1368 1412 1464 proprie-

601 1500 698 1558 tates
727 1485 806 1559 sive
835 1486 981 1582 species
1006 1485 1251 1581 distinguunt,
1282 1482 1410 1556 Satan

599 1599 773 1673 videlicet
808 1600 869 1673 vel
905 1599 1094 1674 Sammael
1132 1599 1409 1697 (Diabolum);

600 1716 744 1789 Yetsen
773 1716 874 1790 haka
903 1715 1104 1813 (impetum
1134 1716 1170 1788 in
1199 1717 1332 1813 prava)
1366 1731 1411 1788 et

600 1829 790 1927 Angelum
811 1832 959 1903 mortis:
981 1848 1041 1905 est
1059 1832 1159 1905 enim
1179 1831 1406 1917 Accusator,
1507 1843 1512 1849 '

600 1946 786 2021 Tentator
813 1962 852 2020 et
870 1948 1037 2020 Vindex:
1059 1964 1184 2021 tamen
1204 1972 1326 2044 usque
1346 1972 1409 2019 ru-

602 2063 715 2135 sticus
744 2077 804 2135 est
831 2078 870 2135 ct
897 2063 1070 2159 stupidus
1100 2060 1229 2135 Satan.
1259 2062 1302 2134 ln
1332 2062 1409 2135 hoc

601 2205 694 2275 ergo
724 2194 907 2275 apparatu
937 2179 1102 2254 rabinico
1131 2178 1316 2253 invenitur
1341 2176 1406 2263 nil,

602 2296 704 2391 quod
724 2321 799 2368 non
819 2294 928 2368 suerit
947 2295 1086 2392 pictum
1106 2310 1145 2369 et
1162 2294 1277 2392 longe
1298 2320 1409 2391 prae-

601 2410 761 2483 stantius
790 2411 928 2483 dictum
956 2412 1005 2483 ab
1025 2410 1227 2507 Aeschylo,

655 2525 767 2598 Solus
797 2526 946 2599 Dantes
974 2553 1085 2600 verus
1114 2551 1309 2600 successor
1336 2525 1408 2599 luit

602 2640 792 2737 Aeschylo
806 2657 845 2714 ct
858 2641 1057 2740 plusquam
1072 2667 1282 2716 successor:
1300 2641 1408 2714 solus

603 2759 698 2831 inter
721 2783 854 2831 omnes
874 2774 934 2832 est
952 2757 1188 2855 aliquatenus
1206 2774 1407 2831 assecutus

603 2899 659 2959 ea,
677 2899 774 2970 quae
798 2872 1008 2969 Aeschylus
1030 2874 1151 2948 fuerat
1169 2889 1338 2946 conatus.
1361 2873 1408 2947 ln

604 2989 774 3062 Lucifero
808 2988 947 3062 danteo
984 3015 1132 3062 summo
1165 2987 1407 3062 intellectuali

603 3104 799 3200 conceptui
816 3103 930 3200 Lapsi
948 3104 1022 3178 Dei
1037 3105 1182 3191 satisfit,
1200 3105 1257 3178 cui
1271 3130 1407 3201 parem
