3100 4400
573 507 641 549 XXX
880 502 957 543 PARS
972 500 1067 542 PRIOR

349 767 535 819 neneorapso.
574 747 653 803 tum
683 729 831 802 Dantes
861 752 968 799 suum
998 724 1137 798 inducit
1165 722 1374 799 Luciferum

575 846 612 918 in
632 860 740 917 cantu
770 857 905 939 quarto
933 857 972 913 et
1000 840 1210 938 trigesimo:

603 1018 624 1058 Ο
639 1016 695 1058 mihi
708 1028 777 1067 quam
791 1016 866 1057 visum
878 1020 913 1056 est
923 1026 1033 1066 magnum
1042 1019 1065 1055 et
1074 1012 1178 1055 mirabile
1187 1014 1327 1054 monstrum!

630 1090 656 1129 In
670 1087 745 1139 capite
759 1087 820 1129 iliius
834 1086 903 1129 iacies
917 1098 969 1128 cum
983 1085 1032 1127 vidi
1045 1097 1089 1136 ego
1104 1089 1191 1126 ternas:

630 1162 683 1202 Una
696 1163 745 1201 erat
758 1158 897 1208 antemon...

604 1233 713 1283 Quaeque
727 1230 786 1273 duae
800 1230 869 1271 iacies
882 1229 935 1270 buic
950 1228 1093 1270 addebantur
1111 1228 1217 1279 utrinque

629 1303 717 1345 Summi
728 1302 817 1344 humeri
827 1300 927 1342 medium
936 1300 1029 1341 stabant
1038 1311 1118 1351 super;
1128 1304 1197 1350 atque
1206 1298 1331 1341 secundum

630 1374 736 1426 Cristam,
752 1386 811 1425 quae
824 1377 930 1414 excurrat
943 1372 986 1413 sub
1000 1372 1085 1413 vertice
1099 1357 1167 1420 recta
1182 1370 1281 1413 coibant.

604 1447 674 1489 Binae
687 1447 737 1487 alae
751 1446 857 1497 ingentes
870 1444 964 1486 exibant
977 1443 1103 1495 quamlibet
1115 1442 1181 1493 inira,

631 1519 704 1567 Quam
719 1520 826 1568 poterant
840 1527 937 1566 maguae
951 1513 981 1555 ad
996 1519 1083 1555 tantam
1097 1519 1200 1565 spectare
1213 1513 1343 1555 volucrem:

630 1588 688 1631 Vela
703 1587 791 1629 marina
804 1586 910 1638 equidem
924 1586 972 1627 vidi
986 1591 1032 1627 tam
1046 1584 1144 1636 grandia
1157 1595 1282 1635 nunquam.

605 1748 718 1791 Dentibus
729 1753 845 1799 arreptum
858 1746 941 1797 quovis
955 1745 1075 1796 frangebat
1088 1745 1112 1786 iu
1126 1757 1166 1786 ore

631 1822 654 1861 Is
668 1824 823 1871 peccatorem
840 1818 923 1870 triplici
937 1830 979 1859 ceu
993 1817 1099 1858 machina
1114 1816 1178 1866 ligno

631 1891 742 1933 Cannaba
756 1890 899 1938 comminuit,
914 1894 991 1930 ternos
1004 1888 1116 1929 cruciaret
1129 1893 1154 1929 ut
1167 1899 1220 1929 una.

632 2027 892 2103 Translatione
930 2030 1130 2102 mitescunt
1166 2029 1376 2104 immanitas

579 2143 802 2242 horrorque3
833 2144 923 2243 quid
939 2143 1050 2218 vero?
1069 2142 1232 2218 Omnino
1251 2146 1379 2244 nequit

580 2261 706 2335 verbis
735 2261 892 2333 narrari:

540 2463 544 2472 ³
606 2416 680 2466 Quam
695 2420 749 2456 tunc
763 2416 894 2457 horruerint
908 2415 964 2456 mihi
978 2415 1087 2465 membra,
1102 2427 1129 2456 ac
1144 2413 1246 2457 saucibus
1255 2416 1351 2458 haerens

632 2489 685 2530 Vox
699 2487 796 2537 steterit;
812 2487 879 2528 mitto
893 2486 918 2528 id
931 2486 1001 2528 modo
1014 2487 1120 2536 scribere,
1130 2498 1230 2538 namque
1239 2487 1354 2538 loquentis

636 2557 726 2609 Lingua
740 2557 799 2599 soret
811 2557 906 2609 quaevis
920 2557 1001 2609 impar.
1111 2550 1114 2554 Δ

634 2688 755 2762 Totus
784 2688 842 2761 hic
871 2705 1001 2761 cantus
1030 2688 1121 2762 meri
1145 2704 1257 2762 nutus
1276 2705 1377 2762 sunt:

581 2829 641 2877 res
679 2803 878 2877 mandatur
915 2803 1063 2877 lectoris
1102 2805 1216 2877 menti
1254 2803 1380 2901 imagi-

582 2919 721 3005 nanda;
756 2919 849 2993 haec
882 2934 942 2992 est
980 2918 1122 2993 Ultima
1158 2919 1292 2993 Thule.
1332 2919 1382 2992 Et

581 3034 899 3133 quemadmodum
929 3035 1046 3108 Danti
1069 3034 1258 3132 Vergilius
1287 3035 1379 3109 obii·

583 3177 656 3246 que
685 3151 784 3224 cedit
811 3149 893 3224 loco
923 3151 1068 3224 dicens:
1090 3150 1187 3225 Ecce
1208 3149 1298 3238 Dis;
1329 3151 1381 3224 sic
