3100 4400
352 730 387 772 De
402 729 452 772 Deo
465 729 538 782 tapso.

577 474 609 517 v1
887 471 965 514 PARS
978 470 1073 514 PRIOR

578 713 620 771 ut
647 723 733 771 eum
763 721 837 770 non
859 695 1051 793 poeniteat
1068 695 1105 768 in
1124 721 1274 770 scenam
1292 723 1387 793 pro·

577 814 715 888 ducere
737 811 986 909 nequitiarum
1005 809 1169 884 omnium
1187 827 1386 886 auctorem

578 956 661 1004 cum
698 929 820 1002 Fonte
853 927 937 1024 ipso
970 927 1159 1000 Bonorum
1193 926 1385 1025 colloquio

579 1047 775 1120 iocantem.
797 1042 971 1116 Marlovo
990 1041 1106 1138 mythi
1124 1066 1277 1129 omnes,
1300 1045 1384 1118 sive

580 1161 844 1234 Hebraeorum
864 1158 944 1233 sive
960 1157 1223 1244 Classicorum
1240 1160 1275 1232 in
1290 1159 1384 1232 obli-

578 1277 725 1350 vionem
754 1275 827 1348 iam
855 1274 1043 1359 abierunt;
1074 1289 1114 1347 et
1134 1275 1306 1371 quamvis
1324 1275 1381 1347 A-

578 1390 715 1477 chilles,
753 1391 899 1464 Hector
934 1406 974 1464 et
1009 1414 1142 1463 omues
1176 1388 1379 1462 Hellenum

579 1507 629 1580 dii
649 1507 821 1604 deaeque
835 1506 954 1579 nubes
974 1521 1218 1602 perrumpant
1240 1504 1378 1601 duplici

578 1637 699 1697 testus
727 1623 867 1695 veteris
900 1622 1074 1695 versione
1107 1622 1294 1705 obtentas
1326 1637 1380 1694 ta·

578 1763 663 1810 men
703 1753 888 1834 apparent
922 1763 988 1811 ore
1024 1735 1207 1834 vultuque
1244 1737 1377 1809 obscu-

578 1853 679 1937 ratis,
710 1853 877 1926 moribus
905 1853 942 1926 in
964 1852 1034 1926 hos
1054 1853 1281 1926 recentiores
1301 1879 1379 1924 mu-

578 1969 675 2054 tatis,
710 1985 861 2065 praeter
897 1969 1045 2042 nomina
1082 1970 1134 2042 ita
1170 1968 1380 2066 anglicizati

577 2099 619 2158 ut
645 2085 718 2171 vix,
749 2101 788 2160 et
816 2110 862 2159 ne
891 2086 954 2158 vix
981 2084 1145 2182 quidem,
1176 2085 1323 2181 possint
1340 2110 1379 2157 a·

576 2227 720 2299 gnoscr.

630 2433 710 2506 Sub
744 2432 816 2505 hoc
850 2433 984 2529 grandi
1021 2433 1168 2507 cumulo
1201 2460 1223 2508 e
1257 2433 1376 2506 tribus

576 2549 738 2623 sontibus
766 2548 1005 2644 profluebant
1032 2548 1136 2622 rivuli
1166 2550 1202 2622 in
1225 2575 1377 2623 amnem

576 2664 819 2751 confluentes,
859 2666 962 2738 cuius
1000 2664 1099 2762 ripas
1137 2664 1376 2762 frequentare

576 2779 724 2856 solebat
751 2806 859 2855 musa
887 2780 1061 2868 miltonia,
1092 2806 1320 2878 quamquam
1353 2806 1376 2854 a

575 2897 839 2972 catholicorum
859 2896 1049 2970 hominum
1069 2912 1194 2971 mente
1209 2898 1306 2970 vatis
1325 2898 1376 2969 in·

574 3015 726 3112 genium
755 3027 838 3086 erat
865 3038 1020 3109 prorsus
1047 3011 1226 3086 alienum:
1252 3011 1374 3085 natale

575 3144 712 3225 poetae
740 3128 862 3202 solum
893 3128 1076 3225 sapiebat,
1107 3128 1280 3224 sapiebat
1310 3153 1375 3223 pu-
