3100 4400
572 439 630 482 x1x
882 438 959 480 PARS
973 437 1069 480 PRIOR

574 689 643 738 nec
657 661 771 736 ullum
787 661 992 758 periculum
1001 663 1219 760 impendere
1231 664 1376 762 religio

574 780 683 852 nibus
712 776 968 874 popularibus.
994 778 1211 854 Potuissent
1227 782 1375 878 utrique

574 895 611 968 in
627 919 696 968 suo
711 893 782 966 sibi
793 893 935 968 mundo
949 894 1106 991 perinde
1116 894 1251 993 vulgus
1261 911 1376 993 atque

574 1009 822 1108 philosophus
838 1008 968 1084 illaesa
981 1011 1182 1085 concordia
1195 1013 1376 1086 mentium

574 1127 690 1200 vitam
703 1150 829 1222 agere,
851 1151 965 1198 unum
985 1126 1022 1199 ni
1041 1125 1269 1213 obstitisset;
1285 1153 1378 1200 usus

574 1267 711 1338 nempe
739 1240 948 1314 divinarum
976 1255 1016 1314 et
1042 1240 1289 1316 humanarum
1323 1268 1378 1317 re-

574 1383 656 1430 rum
680 1355 796 1454 longo
815 1356 996 1453 temporis
1015 1371 1135 1431 tractu
1154 1356 1375 1444 cumulatus,

575 1497 688 1570 quem
721 1488 910 1546 nostrates
947 1472 1217 1569 experientiam
1253 1472 1378 1547 solent

575 1586 806 1686 spiritualem
832 1586 1041 1685 appellare:
1077 1614 1153 1686 quo
1189 1588 1304 1662 animi
1340 1589 1378 1662 in

576 1729 661 1778 sese
688 1704 802 1778 anxio
831 1703 983 1790 reflexu,
1016 1703 1047 1776 si
1074 1729 1189 1778 voces
1208 1703 1246 1777 in
1265 1704 1378 1802 signi·

575 1819 746 1893 ficatione
776 1818 886 1892 nobis
914 1817 1025 1893 solita
1046 1818 1298 1916 usurpaveris,
1320 1844 1377 1892 ca-

575 1936 710 2010 rebant
723 1933 892 2032 prosecto
908 1932 1107 2020 Hellenes;
1123 1932 1231 2007 alicui
1250 1950 1377 2008 tamen

574 2075 650 2124 non
665 2050 818 2124 omnino
833 2048 1003 2122 dissimili
1017 2048 1166 2123 aflectui
1181 2047 1298 2122 fuisse
1312 2049 1377 2123 ob·

575 2166 709 2241 noxios
736 2166 812 2241 iarn
840 2164 928 2241 inde
955 2163 1032 2241 fere
1060 2164 1110 2239 ab
1133 2190 1230 2240 aevo
1249 2164 1375 2240 home·

574 2282 650 2357 rico
669 2283 878 2356 coniectare
898 2298 972 2356 est:
994 2282 1030 2354 in
1052 2279 1209 2355 Socrate
1228 2280 1376 2355 culmen

575 2399 712 2496 attigit.

631 2628 739 2703 Haec
758 2627 878 2725 qualis
898 2626 1008 2701 suerit
1025 2652 1149 2701 rerum
1167 2626 1376 2700 divinarum

577 2745 813 2820 conversatio
856 2742 969 2840 longe
1006 2767 1107 2840 pone
1144 2767 1253 2816 usum
1296 2766 1378 2816 sen·

576 2886 734 2958 sumque
750 2886 873 2934 rerum
888 2857 1134 2933 materialium
1148 2856 1375 2955 longiusque

577 2974 879 3051 intellectualium
918 2974 1150 3049 tardabatur.
1194 2971 1378 3048 Gnaviter

576 3092 732 3166 obnisus
772 3106 833 3165 est
860 3089 1071 3187 Aeschylus
1108 3087 1303 3163 obsoletas
1339 3104 1378 3163 et
