3100 4400
373 772 464 815 Lucifer

406 844 430 888 ln

319 916 416 960 Danteis
430 914 518 959 Inferis.

550 525 653 567 XXXVI
833 526 909 569 PARS
924 526 1074 570 SECUNDA

551 750 691 826 habere
718 751 902 840 videntur,
924 780 1010 827 eum
1034 780 1169 852 nempe
1190 755 1351 830 Noctem

552 893 638 941 esse
652 882 691 941 et
704 867 861 956 Tabem,
879 868 1152 956 Vastationem,
1170 871 1350 947 Mortem:

553 1000 612 1059 est
639 1000 765 1059 autem
784 1001 824 1059 et
855 987 957 1061 exitii
985 986 1089 1060 locus
1116 987 1176 1061 vel
1197 987 1349 1074 Nir-riti‚

553 1100 632 1173 sive
669 1099 855 1197 AbyssuS‚
895 1118 934 1175 et
972 1102 1177 1177 Inferorum
1215 1104 1351 1178 Mater.

552 1216 665 1309 Anne
693 1216 780 1290 talia
805 1219 942 1292 avebat
961 1220 1111 1292 numina
1129 1218 1351 1317 Aeschylus

554 1332 643 1404 dum
681 1332 995 1429 contemplaretur
1031 1333 1205 1408 Titanem
1239 1334 1354 1408 homi-

553 1473 641 1519 num
669 1462 859 1521 amantem
886 1473 910 1522 a
937 1449 1045 1522 novis
1073 1450 1251 1523 ministris
1284 1449 1353 1523 illis

553 1563 711 1636 deorum
738 1562 902 1660 scopulis
930 1565 1048 1638 asiani
1076 1565 1216 1639 deserti
1239 1564 1354 1638 [ulmi-

553 1680 650 1751 natis
670 1679 906 1753 devinctum?
925 1679 1033 1754 Talia
1050 1682 1202 1778 quidem
1222 1697 1261 1754 et
1280 1707 1354 1754 ma-

553 1793 643 1868 iora.
672 1796 842 1870 Mentem
871 1796 1083 1872 Promethei
1113 1796 1262 1893 irrepsit
1280 1798 1353 1870 iam

552 1909 662 1983 altior
689 1911 876 2008 quaedam
895 1913 1052 2008 species,
1070 1913 1223 1985 Amoris
1250 1912 1351 1997 idea;

553 2051 628 2099 non
656 2026 757 2100 serae
787 2026 881 2099 illius
902 2027 1084 2101 Libidinis
1113 2027 1234 2126 qualis
1254 2028 1353 2101 lovis

553 2142 589 2214 in
602 2140 747 2215 Ionem:
763 2167 839 2215 non
852 2168 907 2230 ea,
921 2143 989 2217 sed
999 2142 1072 2218 alia
1086 2144 1250 2218 omnino.
1260 2141 1353 2218 Cae·

553 2255 654 2328 dium
683 2256 840 2354 gloriam
870 2274 909 2332 et
936 2259 1066 2332 incesti
1098 2259 1236 2333 amoris
1264 2284 1353 2355 apo·

554 2370 701 2445 theosin
730 2372 810 2447 sive
837 2374 939 2470 apud
964 2373 1132 2470 Superos
1152 2375 1232 2448 sive
1251 2373 1353 2471 apud

554 2487 736 2562 Mortales
755 2489 979 2563 detestatur:
1001 2490 1070 2564 hae
1084 2490 1133 2565 de
1148 2516 1262 2564 causa
1276 2516 1353 2563 cru-

553 2603 710 2677 ciatibus
747 2606 890 2702 agitur;
929 2605 1014 2679 hinc
1049 2631 1125 2679 vox
1166 2605 1226 2679 illa
1262 2606 1353 2678 indi-

554 2744 695 2816 gnans:

660 2866 681 2908 0
695 2866 773 2909 divine
787 2867 874 2920 aether,
889 2868 1019 2918 celeresque
1030 2867 1105 2918 flatus,

659 2939 827 2991 fluviorumque
840 2939 915 2983 sontes
928 2945 951 2982 et
964 2939 1104 2982 marinarum
1117 2939 1231 2982 undarum

659 3011 831 3053 innumerabilis
844 3011 911 3062 risus,
921 3011 1070 3062 omniumque
1079 3015 1158 3061 mater,
1170 3015 1236 3059 terra,

659 3093 709 3132 vos,
724 3087 748 3124 et
761 3083 926 3126 omnituentem
940 3084 1019 3126 orbem
1033 3085 1088 3126 solis
1101 3084 1192 3135 invoco,

659 3153 754 3206 aspicite
768 3166 812 3206 me,
827 3155 904 3206 qualia
916 3167 931 3197 a
944 3154 989 3197 diis
1002 3154 1077 3208 patiar
1090 3154 1153 3197 deus.

1035 3236 1129 3287 (Prom,
1139 3237 1165 3277 88
1179 3236 1250 3287 sqq.).
