3100 4400
575 488 656 531 XXIX
885 488 963 530 PARS
977 488 1072 530 PRIOR

350 738 536 795 oeueonpso.
576 713 708 788 ordine
738 738 934 799 converso,
970 728 1166 808 operatum
1198 713 1376 786 danteum

576 828 766 926 ingenium
781 828 921 902 evolvit
940 827 1161 915 Luciferum,
1179 828 1283 903 sidus
1302 854 1377 902 ma·

576 944 747 1031 tutinum‚
759 943 984 1018 daemonem
999 942 1062 1040 qui
1077 943 1165 1017 olim
1180 944 1278 1018 inter
1294 968 1377 1017 coe-

575 1058 660 1134 lites
688 1059 863 1133 cohortes
891 1058 1011 1132 luerat
1043 1058 1347 1133 formosissimus.

630 1288 755 1383 Quam
785 1290 822 1361 in
851 1316 930 1363 rem
958 1289 1116 1364 materia
1135 1287 1254 1362 Danti
1272 1314 1376 1385 prae-

575 1418 636 1478 sto
663 1421 744 1479 erat
766 1405 815 1478 ad
835 1430 998 1478 manum.
1020 1404 1122 1478 Inter
1140 1404 1232 1478 haec
1251 1404 1376 1478 omnia

575 1519 642 1593 luit
677 1536 807 1593 natus:
843 1520 1020 1618 quicquid
1053 1520 1123 1593 hos
1157 1520 1251 1593 deos
1285 1546 1376 1593 suos

572 1636 734 1733 gentiles
749 1636 900 1734 attingit
914 1636 951 1708 id
967 1636 1090 1731 ipsum
1105 1650 1268 1731 poetam.
1287 1636 1376 1731 Ipsa

574 1752 724 1825 nomina
756 1750 1026 1849 loquebantur:
1063 1751 1145 1836 Dis,
1185 1751 1285 1824 unde
1319 1751 1376 1823 sri-

573 1867 660 1942 volo
670 1868 959 1965 etymologismo
974 1866 1133 1940 derivari
1145 1865 1292 1940 solebat
1300 1892 1376 1940 vox

575 1982 737 2068 divitiae,
778 1983 905 2069 dives;
944 1982 1098 2055 assidua
1134 1982 1171 2054 in
1209 1982 1375 2055 omnium

574 2122 650 2183 ore,
690 2098 749 2171 vel
787 2098 1004 2195 agrestium,
1045 2096 1195 2169 nomina
1234 2096 1372 2183 Plutus,

574 2213 692 2300 Pluto,
724 2214 859 2288 Orcus.
891 2215 932 2287 In
966 2212 1210 2311 popularibus
1238 2213 1376 2309 mythis

575 2329 753 2403 Italorum
774 2330 898 2404 Orcus
918 2345 1126 2404 monstrum
1145 2344 1206 2402 est
1224 2344 1371 2416 tetrum,

572 2443 744 2542 pilosum,
775 2445 1065 2520 hominivorum:
1095 2459 1135 2518 et
1162 2471 1202 2518 re
1222 2445 1375 2542 quidem

571 2587 662 2634 vera
687 2562 724 2634 in
744 2562 858 2634 sacris
881 2561 1145 2634 Hebraeorum
1165 2560 1281 2636 literis
1300 2585 1376 2633 vox

579 2676 737 2763 «sair»,
754 2701 868 2774 quam
889 2692 1077 2750 nostrates
1099 2704 1118 2747 ‹<
1137 2675 1368 2749 daemonia»

572 2793 874 2888 interpretantur,
919 2792 1062 2888 pilosos
1100 2791 1303 2889 significat:
1337 2806 1376 2865 et

574 2907 847 2982 Hetruscorum
877 2908 986 2982 Deus
1015 2907 1122 2980 Mors
1155 2906 1255 2980 ferus
1293 2922 1377 2980 erat

572 3048 699 3109 senex,
734 3023 910 3120 pinnatus
939 3040 978 3096 et
1010 3021 1184 3096 malleum
1221 3046 1372 3118 gerens.

572 3138 654 3213 Nec
691 3139 790 3213 notis
822 3139 920 3213 adeo
952 3138 1193 3212 dissimilibus
1222 3136 1374 3234 insigni-
