3100 4400
339 793 375 834 De
389 791 440 833 Deo
451 790 524 842 lapso.

566 535 646 578 XXIV
875 535 952 576 PARS
966 535 1062 576 PRIOR

567 761 737 834 homines
780 758 934 833 consilia
970 759 1194 832 vindicanda
1230 759 1370 854 praeci-

499 946 500 950 ,
567 878 739 974 piebant:
770 875 872 948 iussa
900 873 960 947 illa
988 875 1269 949 consuetudinis
1292 900 1370 947 mo-

567 1018 723 1090 rumque
751 992 1001 1088 antiquorum,
1019 1016 1118 1086 quae
1140 990 1291 1087 Shelley
1308 1017 1370 1064 au-

486 1161 487 1164 ,
567 1109 695 1183 dacter
722 1107 821 1180 adeo
840 1106 1063 1203 perrumpit:
1085 1105 1198 1203 longe
1216 1107 1370 1203 gravius

565 1224 659 1298 haec
679 1223 795 1296 Danti
830 1247 944 1319 quam
982 1221 1052 1310 illis
1090 1221 1368 1295 incumbebant.

567 1338 648 1413 Nec
677 1354 803 1413 tamen
833 1336 961 1423 Danti,
999 1337 1194 1411 Catholico
1226 1337 1369 1411 scilicet

566 1454 718 1540 homini,
740 1479 851 1527 curae
871 1469 959 1526 sunt
977 1453 1103 1526 divina
1122 1453 1275 1526 consilia
1293 1454 1371 1525 vin-

567 1569 742 1655 dicanda;
773 1569 855 1664 ipsa
884 1594 926 1641 se
944 1568 1148 1641 vindicant:
1170 1594 1293 1664 neque
1314 1594 1372 1641 sa-

567 1684 662 1781 tagit
690 1710 736 1757 ne
768 1683 863 1757 fines
900 1682 1081 1780 religione
1116 1684 1370 1780 praescriptos

567 1799 808 1897 imaginando
849 1798 1194 1895 pratergrediatur:
1234 1800 1372 1872 titubat

567 1916 616 1989 ibi
646 1931 790 1988 tantum
819 1916 882 1988 ubi
915 1915 952 1986 in
980 1914 1074 1987 deos
1108 1915 1275 2011 magistri
1314 1915 1370 1987 sui

567 2030 723 2127 Vergilii
764 2029 957 2103 fabulosos
1003 2028 1193 2127 salsosque
1231 2028 1369 2103 incidit.

568 2146 735 2220 Latinior
755 2145 904 2221 Dantes
919 2161 979 2219 est
997 2160 1037 2219 et
1055 2146 1243 2221 romanior
1257 2171 1370 2242 quam

568 2278 609 2335 ut
637 2261 805 2334 Miltonis
834 2287 938 2335 more
967 2262 1180 2334 universam
1213 2262 1370 2335 deorum

566 2378 740 2451 familiam
770 2377 807 2449 in
835 2378 1015 2473 abyssum
1044 2376 1209 2450 infimam
1246 2377 1370 2451 detru-

568 2494 643 2567 dat.
679 2493 834 2565 Minime
872 2494 1008 2566 dubius
1046 2493 1094 2566 de
1127 2494 1284 2567 veritate
1318 2494 1369 2565 in-

566 2610 728 2682 ferorum
748 2624 787 2681 et
806 2635 1013 2705 poenarum
1032 2624 1280 2695 aeternarum,
1308 2609 1372 2681 de-

568 2725 722 2810 scendit,
744 2724 885 2797 itineris
905 2724 999 2798 duce
1020 2723 1370 2821 Vergilio:Vergilii

566 2841 661 2914 sorte
681 2841 813 2937 gratia,
836 2840 915 2913 sive
937 2840 1047 2913 aliam
1077 2840 1291 2935 quampiam
1320 2840 1370 2912 ob

568 2982 729 3043 causam,
774 2957 894 3052 parcit
936 2955 1036 3029 falsis
1077 2955 1146 3028 illis
1185 2954 1371 3051 Olympiis

569 3072 730 3145 Dantes:
756 3097 803 3146 eo
823 3088 950 3145 autem
977 3071 1176 3145 immitiore
1202 3072 1274 3145 erit
1297 3070 1372 3144 ani-

567 3213 628 3260 mo
667 3189 702 3260 in
746 3187 949 3261 damnatos
990 3188 1167 3286 reliquos,
1211 3213 1372 3284 quorum
