3100 4400
576 497 667 540 XXVII
884 495 962 537 PARS
976 494 1070 536 PRIOR

578 720 620 793 In
640 719 813 794 Aeneide
831 718 1029 794 Charonos
1044 720 1190 817 species
1205 736 1244 795 et
1259 720 1378 795 forma

576 837 689 933 longe
717 835 883 908 omnium
911 835 1186 910 horridissima:

656 993 755 1034 Portitor
768 992 810 1033 has
824 991 952 1033 horrendus
966 1004 1037 1043 aquas
1050 996 1074 1034 et
1088 991 1183 1034 flumina
1194 997 1272 1035 servat

657 1063 763 1107 Terribili
777 1063 884 1114 squalore
898 1063 1004 1113 charum
1019 1063 1056 1105 cui
1070 1064 1170 1115 plurima
1183 1068 1262 1105 mento

657 1135 759 1178 Canities
772 1135 859 1176 inculta
873 1134 938 1185 iacet,
955 1139 1018 1176 stant
1031 1135 1119 1177 lumina
1132 1135 1235 1186 flantma;

657 1204 769 1249 Sordidus
783 1218 812 1247 ex
825 1205 927 1247 humeris
941 1205 1004 1248 uodo
1017 1205 1133 1258 dependet
1145 1205 1249 1249 amictus.

971 1296 1046 1349 (Aen,
1062 1296 1104 1345 v1,
1119 1298 1159 1347 298
1173 1297 1244 1348 squ).

577 1431 771 1507 Secundas
791 1446 917 1505 autem
936 1432 1081 1506 obtinet
1096 1432 1295 1519 Cerberus,
1314 1433 1376 1528 qui

659 1630 665 1643 .
680 1630 686 1642 .
702 1630 708 1642 .
725 1630 731 1641 .
746 1598 804 1641 haec
817 1597 900 1649 ingens
913 1598 997 1640 latratu
1010 1610 1083 1649 regna
1096 1597 1185 1641 trifauci

658 1671 774 1722 Personat,
789 1669 887 1711 adverso
900 1669 1012 1711 recubans
1025 1669 1132 1711 immanis
1144 1669 1168 1711 iu
1182 1673 1262 1720 sutro;

657 1741 701 1784 Cui
714 1744 780 1783 vates
793 1741 887 1783 horrere
899 1740 981 1783 videus
995 1741 1040 1782 iarn
1054 1740 1114 1783 colla
1126 1741 1261 1784 colubris...

632 1880 740 1953 Haec
759 1878 1016 1976 praetergredi
1035 1904 1110 1952 non
1129 1894 1205 1965 est;
1226 1895 1265 1953 et
1283 1880 1376 1977 graii

576 1995 769 2069 dramatici
798 1994 1011 2087 exemplum
1031 2009 1182 2068 secutus
1201 2011 1309 2067 vates
1328 1994 1377 2067 la-

576 2112 676 2185 tinus
694 2111 795 2184 vires
817 2110 886 2183 sibi
907 2135 981 2184 non
1001 2125 1204 2208 suppetere
1224 2109 1373 2184 satetur:

576 2227 728 2302 alterius
757 2227 894 2301 saeculi
924 2227 1071 2301 cuidam
1100 2244 1238 2324 poetae
1274 2226 1375 2300 labo

576 2369 655 2418 rem
688 2343 850 2440 delegat,
881 2343 912 2416 si
950 2343 1034 2439 quis
1071 2343 1120 2416 sit
1156 2342 1300 2416 futurus
1336 2369 1376 2416 re

576 2459 789 2532 instructior
815 2458 865 2531 ad
893 2474 1038 2532 tanturn
1066 2485 1183 2554 opus:

655 2671 709 2712 Non
723 2669 780 2712 rnihi
794 2669 813 2712 si
827 2670 921 2721 linguae
933 2675 1026 2712 centum
1039 2670 1086 2713 sint
1099 2683 1186 2722 oraque
1194 2674 1294 2721 centum,

655 2742 740 2782 Ferrea
752 2753 807 2790 vox,
821 2752 902 2783 omues
915 2741 1026 2783 scelerum
1040 2740 1204 2793 comprendere
1217 2741 1308 2791 formas,

656 2812 741 2854 Omnia
754 2823 880 2864 poenarum
894 2824 1027 2865 percurrere
1040 2813 1136 2855 uomina
1150 2812 1243 2865 possim.

631 3027 798 3103 Ulterius
827 3054 921 3127 ergo
955 3029 1104 3114 Dantes
1142 3054 1216 3102 non
1249 3042 1377 3123 potest

576 3145 712 3241 opibus
740 3144 805 3218 niti
833 3144 1002 3242 magistri
1031 3145 1087 3218 sui
1115 3142 1282 3242 Vergilii,
1306 3135 1376 3241 ¹qui
