3100 4400
569 467 648 510 XVIII
878 467 956 510 PARS
970 467 1066 510 PRIOR

570 691 782 766 mitivorum
815 692 1008 765 hominum
1046 692 1236 790 ingenium
1272 694 1392 790 cogi-

569 808 685 882 tando
714 807 856 882 invenit
889 808 926 880 in
964 823 1120 882 naturae
1151 807 1389 882 vicissitudi-

569 924 689 1010 nibuS,
719 923 757 996 in
785 923 919 1009 ventis,
941 923 978 996 in
1003 923 1116 997 maris
1135 949 1314 1020 aequore,
1340 924 1389 997 in

568 1038 674 1113 coelo
712 1055 752 1113 et
783 1039 957 1125 nubibus,
992 1039 1028 1112 in
1066 1039 1384 1136 tempestatibus,

569 1155 886 1240 inundationibus,
926 1153 1115 1230 cladibus:
1155 1170 1268 1251 prout
1306 1154 1386 1229 ho

569 1271 709 1344 minum
720 1268 829 1344 saluti
841 1270 920 1344 sive
935 1270 1121 1366 prodesse
1137 1271 1217 1344 sive
1231 1270 1386 1346 obesse

568 1387 794 1472 viderentur,
824 1411 961 1459 causae
988 1384 1178 1460 naturales
1201 1400 1289 1458 sunt
1305 1385 1381 1460 ha-

569 1503 670 1576 bitae
685 1527 754 1599 pro
770 1502 841 1575 diis
857 1503 936 1575 sive
951 1501 1146 1576 benevolis
1161 1503 1240 1576 sive
1259 1501 1383 1576 male-

569 1616 675 1703 volis
701 1616 903 1690 Ormuzdis
929 1617 1008 1690 sive
1028 1617 1257 1691 Ahrimanis.
1279 1617 1381 1691 Hel-

568 1733 673 1807 lenes
702 1749 828 1806 autem
856 1731 917 1807 vel
947 1758 1062 1829 super
1098 1733 1182 1829 ipsa
1217 1732 1381 1807 numina

570 1849 725 1922 deorum
745 1848 946 1922 commenti
963 1863 1052 1922 sunt
1071 1849 1243 1923 Moeram
1262 1846 1378 1921 malis

569 1965 756 2061 bonisque
789 1964 955 2038 mixtam.

624 2081 681 2154 Ita
702 2078 925 2154 Hellenibus
944 2105 1069 2154 rerum
1088 2079 1275 2155 elementa
1289 2105 1377 2176 per-

571 2223 687 2271 sonae
716 2213 814 2282 sunt,
845 2195 895 2269 dii
925 2212 1013 2270 sunt
1039 2212 1080 2271 et
1106 2195 1263 2271 colenda
1285 2212 1378 2270 sunt

570 2339 640 2411 pro
668 2311 750 2386 diis.
782 2313 839 2386 Ita
857 2311 959 2410 loqui
978 2313 1182 2410 oportebat
1200 2312 1376 2410 quisquis

569 2428 682 2503 vellet
701 2454 742 2501 se
757 2426 816 2501 vel
837 2429 908 2502 sibi
927 2427 987 2503 vel
1005 2428 1087 2502 aliis
1105 2428 1280 2527 intelligi:
1302 2452 1376 2501 nec

570 2571 678 2620 secus
698 2543 852 2642 intelligi
872 2560 1036 2641 poterat:
1062 2560 1101 2618 et
1119 2544 1240 2642 qualis
1267 2559 1376 2619 esset

570 2685 729 2757 cumque
749 2686 818 2733 sua
837 2659 908 2733 sibi
927 2661 1055 2757 opinio
1077 2661 1124 2735 de
1141 2660 1277 2759 mythis
1293 2685 1374 2734 cos-

570 2774 845 2873 mogoniisque,
879 2776 916 2849 in
948 2776 1006 2849 his
1039 2775 1173 2851 saltem
1205 2776 1375 2851 habebat

569 2892 731 2990 aliquam
747 2917 916 2965 normam
929 2892 1130 2989 cogitandi.
1144 2892 1243 2966 Hinc
1256 2890 1375 2964 multa

570 3034 639 3104 per
657 3007 806 3082 saecula
821 3008 1026 3083 concordes
1041 3008 1266 3083 videbantur
1282 3006 1372 3081 Hel-

571 3124 695 3198 lenum
728 3140 933 3222 conceptus
961 3151 1045 3198 cum
1073 3151 1196 3199 rerum
1226 3141 1370 3211 natura,
