3100 4400
572 512 626 555 LXI
856 510 934 552 PARS
948 510 1098 552 SECUNDA

393 758 485 801 Lucifer
571 739 655 812 liter
690 738 784 813 ludit
822 739 971 823 directe,
1012 738 1200 824 indirecte,
1240 762 1374 811 sensus

339 831 538 945 1,„,„,{¹¹1„„„„
572 854 827 951 suggerendo
845 853 1062 950 ingerendo,
1085 869 1126 925 ut
1144 877 1373 950 quamquam

572 970 770 1042 immanem
798 970 985 1065 nequitiae
1014 968 1282 1065 turpitudinem
1318 993 1375 1041 re-

572 1083 681 1171 velat,
713 1100 838 1157 tamen
876 1083 1058 1181 dignitate
1095 1108 1278 1181 nusquam
1315 1108 1374 1156 ca-

572 1216 669 1273 reat:
687 1225 878 1296 nunquam
896 1200 1031 1274 accidit
1048 1201 1097 1288 id,
1120 1201 1223 1298 quod
1242 1200 1285 1273 iis
1308 1200 1373 1295 qui

574 1314 1370 1413 ShaksperiumversantacciditaliquandO,

573 1447 614 1503 ut
642 1431 848 1505 sentiamus
881 1448 1045 1529 poetam,
1075 1431 1281 1505 visionibus
1308 1432 1373 1504 ab

573 1563 720 1643 reptum
744 1546 922 1621 stultitiae
941 1547 1035 1621 fines
1054 1547 1371 1644 appropinquare.

627 1890 760 1987 Incipit
788 1891 941 1964 tandem
969 1891 1197 1965 laboriosum
1223 1918 1372 1965 sursum

570 2032 703 2080 versus
732 2008 821 2093 iter;
851 2008 980 2105 irrepit
1007 2033 1055 2081 ex
1083 2009 1174 2081 orbe
1202 2009 1372 2082 beatiore

571 2121 695 2218 aliqua
712 2122 804 2196 lucis
819 2123 1014 2220 particula:
1036 2149 1135 2220 pone
1155 2123 1373 2221 relinquitur

571 2264 672 2311 mors
689 2240 890 2336 spiritualis
906 2257 946 2314 et
964 2265 1222 2337 quaecumque
1242 2241 1372 2314 mortis

572 2371 658 2428 sunt
686 2357 722 2429 in
751 2356 828 2429 suis
857 2358 1016 2452 abyssis

705 2547 816 2588 Salimmo
829 2560 863 2597 su,
878 2547 900 2588 ei
913 2547 989 2598 primo
1001 2546 1030 2588 ed
1044 2546 1067 2588 io
1080 2546 1187 2597 secondo,

730 2620 807 2660 Tanto
821 2619 857 2660 ch'
866 2619 889 2660 lo
902 2618 951 2660 vidi
965 2618 1024 2660 delle
1037 2630 1091 2661 cose
1104 2619 1170 2669 belle,

730 2691 780 2733 Che
789 2696 856 2742 porta
865 2690 881 2731 il
891 2691 940 2740 ciel,
950 2703 1032 2742 perun
1041 2691 1146 2741 mugio
1154 2689 1239 2732 tondo:

705 2762 725 2803 E
739 2761 819 2813 quindi
834 2762 946 2803 uscimmo
959 2774 973 2803 a
986 2761 1076 2803 riveder
1089 2761 1111 2803 le
1124 2761 1197 2805 stelle.

1052 2859 1113 2912 (Ins,
1128 2872 1148 2902 c.
1163 2862 1209 2913 34).

652 2995 693 3036 llle
706 2994 768 3046 prior
782 3007 871 3036 sursum
882 2994 1021 3045 conscendit,
1030 3006 1120 3045 egoque
1129 2993 1256 3036 secundus:

651 3067 731 3108 Donec
740 3078 785 3118 ego
794 3066 907 3118 quaedam
916 3078 958 3117 per
966 3067 1046 3108 rimam
1056 3065 1158 3107 immissa
1167 3066 1291 3108 rotundam

651 3137 705 3181 Vidl
719 3138 815 3189 pulchra
828 3139 888 3190 rapit
901 3150 960 3189 quae
973 3151 1050 3180 secum
1061 3138 1159 3189 plurima
1167 3137 1264 3189 coelum,

651 3210 682 3250 Et
696 3221 774 3251 sumus
787 3209 873 3261 egressi
887 3209 941 3251 hinc
954 3209 1025 3251 visuri
1038 3208 1114 3251 sidera
1127 3220 1212 3251 rursus.
