3100 4400
555 456 600 500 ΧΠ
876 455 954 498 ms
969 454 1065 498 PRIOR

556 683 679 758 ficium
699 683 732 757 ei
748 681 902 780 delegat
916 681 1100 778 Erinnyas
1119 680 1360 768 moderandi;

556 799 659 896 ipsas
686 814 813 872 autem
842 797 1022 894 Erinnyas
1050 797 1155 872 iubet
1184 812 1225 871 et
1251 822 1292 872 re
1320 814 1362 872 et

557 913 707 990 nomine
743 939 830 988 esse
859 913 1101 1000 Eumenidas,
1136 913 1217 987 sive
1250 914 1362 988 bene-

555 1027 673 1104 volas,
695 1028 940 1127 Fungebatur
958 1029 1047 1102 item
1066 1027 1278 1125 Aeschylus
1297 1028 1360 1104 illo

556 1144 691 1219 eodem
720 1169 884 1230 munere,
915 1143 1020 1241 quod
1049 1143 1184 1218 Milton
1212 1144 1285 1218 sibi
1309 1145 1360 1218 in·

557 1259 698 1334 iunxit:

688 1470 724 1512 To
738 1473 810 1512 men
822 1467 911 1511 eternal
925 1468 1067 1512 Provlderree

688 1529 742 1573 And
752 1529 835 1584 Justisy
848 1531 888 1573 the
901 1543 964 1581 ways
977 1529 1004 1572 ol
1014 1529 1067 1573 God
1081 1533 1106 1572 to
1119 1542 1187 1580 menz

563 1751 580 1794 e
595 1738 788 1797 aeternam
803 1724 959 1797 deorum
975 1722 1252 1821 providentiam
1266 1722 1356 1797 divi-

556 1863 679 1936 naque
694 1837 849 1913 consilia
863 1836 1078 1913 horninibus
1091 1838 1356 1913 vindicandi».

556 1952 672 2048 Quod
685 1969 727 2028 ut
741 1954 897 2028 cesserit
911 1954 1091 2051 utrisque,
1107 1980 1156 2029 an
1174 1980 1357 2052 prospere

555 2094 603 2145 an
622 2095 742 2156 secus,
763 2069 974 2143 videbimus
994 2069 1101 2144 infra:
1124 2069 1199 2144 tale
1217 2067 1266 2143 nil
1286 2070 1356 2144 sibi

555 2185 840 2283 disceptandum
868 2185 1067 2283 proposuit
1094 2183 1256 2283 Shelley.
1283 2186 1357 2261 Hie

555 2302 591 2375 in
611 2302 731 2399 primo
751 2327 821 2376 suo
839 2300 929 2375 ludo
951 2328 970 2373 ‹
987 2317 1081 2398 goat
1098 2327 1197 2399 song
1211 2329 1230 2372 ν
1244 2320 1356 2376 vocat

553 2417 708 2515 anglice,
737 2416 797 2490 vel
825 2418 862 2490 in
890 2416 1051 2490 minimis
1072 2415 1274 2492 Hellenum
1299 2443 1356 2490 se-

554 2558 654 2630 quax
677 2531 865 2630 religionis
885 2532 1000 2605 instar
1018 2531 1135 2606 habet
1154 2530 1355 2606 Hellenum
1379 2620 1382 2626 ι

554 2647 679 2721 literas
707 2663 823 2745 atque
851 2648 1001 2745 ingenia
1029 2646 1163 2722 colere.
1191 2647 1355 2721 Pressim

554 2762 684 2837 haeret
711 2764 882 2860 vestigiis
912 2761 1107 2860 Aeschyli:
1141 2763 1179 2836 in
1211 2762 1355 2860 mytho·

553 2877 654 2976 logia
685 2894 812 2952 autem
844 2877 1042 2953 christiana
1074 2878 1168 2952 liber
1200 2904 1355 2976 prorsus

553 3010 725 3068 versatur
758 3011 798 3068 et
830 2993 973 3068 solutus
983 3022 992 3081 3
1028 3021 1111 3069 cum
1144 3011 1271 3070 tamen
1307 2995 1356 3069 de

555 3109 643 3184 Deo
659 3110 956 3184 Christianorum
970 3110 1168 3185 dicendum
1183 3110 1255 3185 sibi
1273 3136 1357 3208 pro-
