3100 4400
394 736 485 777 Lucifer

428 820 451 849 m

342 879 438 922 Danteis
449 877 537 920 Inferis.

571 478 648 521 XLVI
850 478 930 520 PARS
944 477 1094 521 SECUNDA

573 704 724 778 ditionis
759 703 1027 800 turpitudinem
1059 702 1380 777 animadversam.

575 820 636 893 De
665 819 830 894 Satanae
852 820 974 915 capite
993 819 1158 893 nascitur
1176 819 1380 892 Peccatum

574 936 699 1032 specie
716 935 901 1009 miranda:
922 934 1099 1009 Ambitio
1111 950 1182 1008 est.
1204 933 1383 1032 Gignunt

576 1051 772 1124 Peccatum
791 1066 831 1123 et
849 1048 1019 1123 Ambitio
1040 1047 1219 1122 Mortem:
1245 1075 1292 1123 ex
1314 1049 1378 1122 his

573 1190 695 1263 genus
723 1165 886 1239 immane
916 1162 1062 1237 Canum
1094 1163 1377 1239 Tartareorum.

575 1280 728 1355 Grande
750 1279 919 1377 profecto
939 1296 978 1353 et
1002 1279 1232 1376 praeclarum
1252 1281 1384 1354 inven-

573 1412 668 1483 tum;
697 1411 822 1469 tamen
843 1394 1010 1492 qualibet
1028 1411 1208 1491 pensetur
1226 1396 1379 1481 trutina,

574 1512 611 1585 id
631 1526 775 1585 tantum
804 1509 926 1584 effecit
955 1508 1089 1584 Milton
1117 1526 1159 1583 ut
1188 1511 1379 1583 troianum

574 1652 668 1723 epos
697 1627 734 1700 in
767 1651 921 1721 campos
959 1624 1121 1712 latiores,
1157 1625 1381 1699 illustriores

575 1741 811 1828 transferrem
828 1756 868 1815 et
882 1740 1034 1838 quidem
1053 1768 1072 1812 ‹
1091 1740 1188 1815 solet
1206 1740 1293 1814 lanx
1313 1742 1382 1814 im-

576 1857 701 1954 posito
728 1857 889 1930 Numine
909 1855 1082 1931 inclinare
1102 1884 1138 1930 ›:
1160 1856 1279 1930 habes
1299 1882 1380 1953 quo

577 1971 745 2045 Miltonis
774 1999 988 2046 successum
1007 1973 1202 2046 aestimes:
1223 1997 1297 2045 non
1318 1988 1383 2045 est

577 2115 659 2161 cum
688 2088 878 2184 Aeschylo
907 2089 1201 2185 comparandus:
1231 2112 1299 2161 nec
1318 2103 1382 2161 est

577 2205 766 2302 Aeschylo
796 2207 992 2280 continuus
1025 2206 1094 2278 nisi
1123 2205 1218 2280 sorte
1251 2205 1383 2302 ingen-

577 2339 653 2395 tem
672 2321 808 2395 molem
829 2321 1072 2395 cathedratici
1092 2321 1285 2394 cuiusdam
1304 2347 1382 2394 me-

577 2436 756 2510 diaevalis
771 2436 899 2533 templi
919 2437 1133 2510 continuam
1149 2436 1299 2509 duxeris
1318 2463 1381 2510 co

578 2552 728 2626 lumnae
757 2552 912 2626 ionicae.

634 3013 774 3086 Rerum
803 3013 925 3108 capita
953 3027 1180 3108 repetamus.
1202 3010 1381 3085 Summus

582 3130 757 3224 antiquae
787 3127 968 3202 Graeciae
996 3143 1103 3202 vates
1132 3143 1192 3201 est
1214 3126 1383 3224 Aeschy-
