3100 4400
847 486 924 527 PARS
938 486 1089 529 SECUNDA

387 742 478 826 maner
622 722 760 795 Mirum
800 736 981 817 quantum
1024 720 1141 793 habet
1186 718 1372 816 significa·

423 828 446 857 ln

335 885 531 929 „mmm
565 838 676 911 tionis
705 836 814 910 huius
842 851 973 909 cantus
1001 837 1143 932 primus
1171 861 1323 909 versus:

752 1020 843 1063 vexilla
857 1019 928 1071 Regis
942 1018 1057 1071 prodeunt
1071 1018 1165 1061 Inferni.
1232 1065 1234 1070 ¹

620 1186 748 1258 Verba
767 1200 857 1257 sunt
871 1182 1027 1280 Vergilii
1047 1184 1084 1255 in
1103 1184 1178 1255 imo
1193 1183 1368 1269 Tartaro,

566 1302 702 1399 quibus
731 1313 885 1397 pectora
918 1324 1074 1371 necesse
1112 1314 1173 1371 est
1208 1298 1372 1371 crucien-
1436 1332 1443 1343 ·

566 1434 626 1492 tur
654 1416 769 1489 Iudae
799 1431 838 1488 et
867 1414 970 1488 Bruti
987 1429 1026 1487 et
1045 1412 1183 1499 Cassii;
1205 1414 1373 1487 referunt

566 1533 665 1606 enim
693 1530 918 1627 longinquas
955 1528 1145 1602 Ecclesiae
1177 1528 1371 1602 militantis

566 1665 604 1722 et
623 1645 884 1742 triumphantis
912 1670 1084 1741 pompaS,
1107 1670 1265 1740 quarum
1293 1670 1371 1717 me-

566 1776 711 1836 moratu
741 1776 962 1857 praesentes
991 1760 1167 1832 horrores
1199 1760 1372 1856 ingrave-

566 1893 691 1951 scunt:
708 1892 748 1950 et
766 1877 903 1961 statim,
921 1875 1051 1949 addito
1069 1904 1088 1945 (
1104 1875 1289 1960 Inferni»,
1304 1875 1370 1971 qui

566 1994 725 2089 hymnus
740 1992 861 2065 laudis
876 1992 912 2063 in
930 1991 1056 2063 Deum
1070 1990 1270 2064 videbatur
1283 2015 1372 2063 con-

565 2109 721 2182 vertitur
757 2109 793 2180 in
833 2106 1013 2180 ludicrum
1052 2122 1091 2179 et
1129 2106 1165 2178 in
1202 2105 1370 2178 derisum

567 2225 699 2298 summi
721 2224 850 2308 Nefas
873 2225 908 2295 in
928 2223 1020 2318 ipsis
1039 2220 1293 2318 penetralibus
1314 2248 1371 2294 re-

565 2342 629 2438 gni
649 2341 740 2413 eius.
763 2339 856 2411 Inde
876 2339 1046 2434 sequitur
1072 2337 1176 2410 locus
1195 2338 1370 2410 versibus

564 2455 708 2528 canoris
723 2471 762 2528 et
776 2452 976 2550 praeclaris
988 2453 1213 2550 imaginibus
1226 2453 1367 2525 nitens:

563 2571 676 2644 refert
695 2570 936 2667 caliginosam
957 2569 1114 2642 Luciferi
1133 2567 1370 2640 maiestatem

563 2713 585 2759 e
613 2685 820 2782 longinquo
848 2685 1086 2757 eminentem.

669 2885 742 2927 Come
756 2883 849 2935 quando
864 2896 911 2925 una
924 2896 1005 2936 grossa
1018 2883 1101 2926 nebbia
1114 2883 1183 2935 spira,

698 2956 719 2997 Ο
734 2955 827 3006 quando
841 2955 973 2997 l’emisferio
987 2960 1065 2996 nostro
1080 2959 1183 3005 annotta,

698 3029 741 3068 Par
755 3026 785 3068 da
799 3027 864 3078 lungi
879 3039 910 3068 un
921 3027 1001 3077 mulin,
1012 3027 1054 3068 che
1065 3026 1081 3067 ’l
1090 3030 1160 3068 vento
1170 3025 1232 3076 gira:

671 3099 748 3143 Veder
762 3099 794 3140 mi
808 3110 879 3150 parve
892 3110 923 3140 un
939 3099 970 3139 tal
985 3097 1061 3139 dificio
1074 3097 1161 3138 allotta.

1102 3183 1163 3238 (Inf,
1179 3197 1200 3226 c.
1214 3187 1257 3236 34).
