3100 4400
593 450 661 494 xxu
900 448 978 490 PARS
992 448 1088 490 PRIOR

368 710 552 764 uenenum.
595 677 757 760 deratur,
797 674 980 773 originem
1017 674 1113 748 inter
1147 673 1242 748 deos
1271 699 1393 748 rerum

594 790 780 867 elementa
820 791 1053 888 perquirere;
1093 789 1162 864 sed
1199 790 1284 864 altis
1314 817 1393 887 prc-

595 908 707 980 mitur
725 906 903 980 tenebris.
923 905 1037 980 Plane
1055 904 1158 979 idem
1176 921 1237 978 est
1254 932 1298 980 ac
1317 932 1397 981 aes-

595 1022 747 1119 chyleus
775 1021 836 1096 ille
863 1019 1029 1117 Apollon
1058 1021 1122 1117 qui
1159 1037 1198 1094 et
1237 1022 1395 1095 Homeri

596 1139 760 1213 Phoibos
781 1136 958 1234 Apollon,
976 1136 1024 1210 de
1044 1137 1149 1210 cuius
1168 1137 1315 1234 origine
1334 1163 1398 1211 no

597 1256 705 1329 minis
742 1255 972 1350 disputatur:
1012 1268 1144 1328 notare
1187 1268 1314 1327 tamen
1346 1253 1398 1327 lu-

596 1373 662 1446 bet
685 1370 788 1468 apud
808 1370 984 1444 loannem
1005 1368 1161 1466 Bunyan
1180 1369 1398 1466 Apollinem

597 1486 771 1562 eumdem
786 1509 873 1558 esse
887 1509 931 1557 ac
945 1484 1160 1580 Apollyona
1176 1484 1272 1582 (sive
1281 1485 1400 1582 Apol-

596 1601 733 1699 lyonta,
764 1601 828 1696 qui
852 1599 988 1674 caedes
1008 1600 1114 1699 edit).
1140 1600 1255 1674 Unde
1274 1600 1400 1675 inferri

596 1717 719 1815 possit
737 1714 944 1789 miltonium
963 1713 1230 1812 archangelum
1251 1714 1400 1812 lapsum

596 1831 753 1930 gloriam
787 1856 894 1904 suam
930 1830 1056 1927 aliqua
1093 1857 1141 1904 cx
1177 1846 1286 1927 parte
1324 1857 1401 1904 mu-

597 1948 691 2022 tuari
720 1947 769 2022 de
793 1963 959 2043 pennato
978 1948 1110 2022 nuntio
1128 1947 1287 2020 deorum
1304 1947 1399 2021 anti-

598 2091 772 2163 quorum,
811 2063 875 2160 qui
918 2078 1044 2137 tamen
1081 2063 1272 2160 Aeschylo
1314 2089 1400 2137 con·

598 2182 729 2259 temtui
748 2196 836 2255 sunt
849 2181 900 2255 ob
915 2180 1069 2278 originis
1084 2180 1302 2255 novitatem.
1320 2179 1399 2255 Sed

598 2322 827 2397 quamquam
862 2295 1007 2369 solutus
1040 2296 1090 2370 sit
1126 2322 1246 2371 nexus
1283 2296 1402 2393 Apol-

597 2415 709 2488 linem
738 2412 834 2485 inter
861 2427 900 2484 et
928 2411 1113 2485 elementa
1140 2411 1201 2486 illa
1228 2429 1399 2499 naturae,

598 2529 676 2604 veri
692 2544 818 2603 tamen
833 2526 952 2601 simile
970 2541 1031 2601 est
1046 2528 1280 2625 temporibus
1296 2554 1402 2626 prae·

597 2644 783 2719 historicis
820 2669 906 2717 cum
943 2643 1014 2716 luis
1053 2645 1248 2741 pestisque
1285 2662 1400 2743 atque

598 2759 784 2860 procellae
804 2760 919 2834 luisse
939 2760 1063 2846 deum,
1076 2760 1158 2834 visu
1173 2761 1400 2835 horrendum
1520 2745 1523 2751 ff

599 2892 638 2951 et
674 2876 868 2949 hominum
910 2890 1057 2949 mentes
1094 2876 1300 2951 terroribus
1339 2878 1402 2950 im-

600 2991 777 3090 plentem.
