3100 4400
391 760 482 803 Lucifer

424 844 448 874 rn

338 904 434 945 Danteis
446 902 535 945 Inferis.

571 504 636 547 LVII
849 501 926 543 PARS
940 500 1094 543 SECUNDA

573 730 629 803 lta
645 727 888 825 Longlellow.
905 726 1032 801 Docta
1046 725 1183 799 semina
1203 724 1375 798 Rossetti

570 845 639 918 has
659 843 770 917 facies
791 841 962 939 intelligit
981 841 1191 937 symbolum
1209 842 1374 913 existere

570 958 771 1033 luciferiani
800 957 954 1031 dominii
977 958 1014 1030 in
1034 957 1218 1053 reprobos
1238 980 1375 1028 omnes

571 1100 793 1171 europaeos,
815 1074 977 1159 asianos,
1008 1072 1119 1158 atros,
1151 1073 1214 1168 qui
1243 1069 1377 1143 colori-

571 1193 642 1264 bus
662 1191 739 1264 suis
757 1190 1024 1287 significentur.
1055 1189 1105 1261 Et
1133 1188 1247 1261 Blanc
1271 1186 1374 1282 apud

571 1307 725 1379 Vernon
755 1305 922 1378 Dantem
951 1303 1065 1377 tradit
1091 1303 1192 1377 haud
1212 1304 1377 1376 obscure

570 1446 617 1494 eo
645 1421 852 1495 intendisse
880 1435 922 1492 ut
950 1418 1131 1493 Satanam
1156 1420 1275 1491 tribus
1295 1418 1374 1513 pin-

569 1552 679 1633 geret
706 1536 882 1620 saciebus,
916 1535 1112 1630 antitypon
1150 1534 1289 1607 scilicet
1320 1532 1378 1604 di-

569 1653 678 1725 vinae
706 1652 913 1725 Trinitatis,
934 1651 1073 1723 Annon
1092 1650 1171 1723 fieri
1191 1649 1313 1745 possit
1331 1663 1379 1720 ut

569 1768 704 1841 ambae
733 1768 804 1841 hae
833 1766 1068 1840 coniecturae
1096 1766 1173 1838 sint
1196 1791 1243 1838 ex
1262 1779 1371 1862 parte

571 1883 703 1956 saltem
732 1882 865 1956 verae?
896 1881 1044 1955 Dantes
1074 1882 1264 1955 enimvero
1288 1905 1379 1976 pro-

570 2023 639 2071 nus
668 2014 728 2071 est
755 2024 839 2071 cum
860 1997 1092 2093 Shaksperio
1115 1997 1165 2069 ad
1184 1995 1375 2092 duplicem

569 2139 722 2186 sensum
759 2114 931 2186 versibus
963 2111 1023 2186 vel
1065 2112 1177 2186 etiam
1215 2110 1374 2209 singulis

569 2229 760 2304 vocabulis
783 2229 1077 2326 impingendum.
1098 2229 1174 2301 Ast
1191 2227 1291 2300 dicet
1308 2225 1377 2301 ali-

570 2345 669 2442 quis:
701 2344 814 2416 nimio
843 2345 976 2417 honori
1007 2343 1177 2416 Lucifero
1205 2358 1309 2416 esset
1336 2342 1377 2414 in

570 2460 688 2533 tribus
718 2459 787 2532 illis
815 2459 1011 2532 horrendis
1040 2459 1206 2532 faciebus
1243 2458 1376 2531 videre

569 2577 763 2672 antitypon
793 2576 998 2650 Trinitatis,
1030 2575 1372 2670 Respondendum:

571 2691 736 2765 Dantem
762 2691 820 2764 hic
842 2707 884 2764 ut
902 2691 1004 2786 prius
1028 2716 1143 2764 saeva
1162 2691 1215 2763 uti
1235 2691 1372 2775 ironia;

570 2807 688 2902 carpit
715 2833 852 2902 nempe
884 2805 1079 2879 Summum
1112 2805 1202 2879 illud
1234 2805 1370 2878 Nefas:

570 2924 785 3019 triprosopo
805 2923 888 2996 huic
907 2938 1077 2996 monstro
1092 2922 1297 3018 exprobrat
1310 2947 1371 2994 ae-

570 3037 709 3111 mulum
747 3037 860 3112 suisse
894 3037 982 3110 olim
1016 3038 1101 3124 Dei,
1137 3038 1194 3110 cui
1226 3036 1370 3109 infinito

571 3152 710 3226 scilicet
746 3170 785 3227 et
826 3152 1190 3249 incomprehensibili
1232 3151 1371 3225 nullum
