3100 4400
571 458 659 502 XLVll
849 458 927 501 PARS
941 458 1092 501 SECUNDA

387 711 477 755 tuerer
566 682 634 769 luS,
652 683 756 781 quod
775 684 813 757 in
833 684 1059 759 Prometheo
1075 686 1199 759 vivam
1214 686 1371 761 Amoris

334 784 530 899 „anteiffinsffls'
566 799 768 896 imaginem
796 798 1002 896 protulerit,
1023 818 1063 875 et
1090 801 1193 899 quod
1225 802 1263 874 in
1296 802 1373 875 Eu-

566 916 699 988 menisi
731 930 811 989 tum
842 915 1032 989 innuendo
1064 931 1142 990 tum
1175 918 1371 991 reticendo

565 1031 728 1127 posteris
747 1031 945 1105 iniunxerit
963 1048 1014 1118 ut,
1039 1032 1134 1105 sicut
1152 1032 1234 1128 ipse
1253 1032 1372 1107 Amo

566 1170 655 1231 rem,
677 1145 729 1217 ita
757 1143 806 1218 illi
836 1145 1019 1219 Iustitiam
1042 1145 1309 1220 inexorabilem
1330 1166 1371 1223 et

565 1260 819 1334 venerandam
839 1286 1041 1357 personam
1061 1262 1097 1334 in
1118 1287 1270 1335 scenam
1284 1289 1372 1359 pro

565 1375 755 1462 ducerent,
774 1376 1040 1450 sceleratorum
1068 1377 1234 1450 omnium
1253 1378 1371 1452 scele-

565 1493 752 1565 ratissimo
781 1518 925 1589 poenas
950 1492 1103 1566 meritas
1123 1493 1367 1590 irrogantem,

565 1623 604 1681 et
631 1623 673 1681 ut
700 1608 771 1681 hoc
794 1608 910 1681 Nefas
930 1624 1170 1683 aeternarent
1187 1611 1370 1682 extremis

565 1750 607 1797 se
636 1724 859 1797 cruciatibus
887 1724 1066 1797 afficiens.
1087 1723 1369 1821 Argumentum

565 1839 635 1911 hoc
654 1855 803 1912 veteres
823 1864 956 1913 omnes
975 1839 1011 1912 in
1035 1838 1204 1936 Vergilio
1230 1840 1370 1913 Dantis

564 1954 746 2050 magistro
775 1953 918 2028 collecti
952 1954 1174 2029 intentatum
1207 1954 1366 2052 relique·

563 2085 659 2143 runt.
681 2068 840 2166 Shelley‚
862 2069 1059 2166 repudiata
1077 2071 1250 2156 vindicta,
1269 2097 1369 2143 sum-

563 2212 625 2258 mo
653 2185 893 2260 humanitatis
923 2186 1048 2260 studio
1077 2186 1228 2260 deditus
1247 2204 1365 2284 atque

562 2303 711 2389 amoris,
742 2329 790 2375 ne
816 2304 1027 2398 suspicatus
1047 2303 1199 2399 quidem
1219 2303 1370 2376 videtur

563 2417 676 2490 talem
709 2444 910 2514 superesse
944 2435 1122 2514 spartam.
1159 2418 1294 2492 Milton
1326 2435 1369 2492 et

562 2533 716 2606 videbat
744 2533 839 2606 hanc
858 2534 1088 2630 provinciam
1106 2533 1365 2630 occupandam

562 2674 649 2722 esse
678 2665 716 2721 et
739 2674 923 2745 occupare
942 2651 1095 2724 avebat:
1117 2650 1365 2746 puritanicum

561 2779 688 2837 autem
705 2764 785 2836 eius
805 2780 844 2838 et
862 2791 964 2838 mere
983 2764 1282 2861 philosophicum
1301 2790 1367 2838 vo·

562 2895 652 2964 tum,
669 2879 880 2952 vindicandi
900 2880 1038 2953 scilicet
1052 2880 1178 2953 divina
1193 2906 1284 2977 erga
1299 2879 1366 2953 ho-

561 2995 680 3067 mines
696 2995 860 3079 consilia,
879 2995 1076 3068 Miltonem
1091 2995 1127 3068 in
1137 2996 1218 3070 vias
1231 3021 1365 3070 coecas

561 3109 727 3183 deduxit.
759 3110 809 3184 Et
836 3111 988 3207 quidem
1008 3127 1150 3207 quanta
1168 3107 1306 3208 ingenii
1325 3112 1363 3184 vi
