3100 4400
526 503 528 510 ‚
546 461 568 502 V
855 461 931 502 PARS
947 460 1041 502 PRIOR

547 701 683 782 poetae
703 687 786 759 aevi
806 685 1061 760 elisabethaei.
1082 685 1232 760 Diaboli
1253 687 1348 761 eius-

548 827 622 898 que
641 801 876 897 apparatoris
891 800 981 873 Vitii
1000 800 1136 874 nullam
1156 801 1349 878 habebant

549 916 729 990 rationem
756 915 1020 1012 Shakespeare
1041 932 1079 991 et
1102 916 1280 1012 aequales
1300 917 1347 990 illi

548 1031 740 1104 dramatici
782 1046 932 1126 poetae.
975 1031 1167 1117 Marlowe,
1207 1031 1349 1105 confes

549 1173 613 1220 sus
650 1145 709 1219 ille
747 1146 883 1232 irrisor,
923 1145 1070 1220 solebat
1107 1146 1275 1243 prosecto
1312 1148 1349 1220 in

548 1265 734 1338 theatrum
774 1263 977 1337 Diabolum
1015 1263 1246 1359 producere:
1289 1279 1349 1336 ast

549 1378 710 1454 Marlovi
726 1377 911 1452 Diabolus
931 1379 1167 1452 distinctione
1187 1377 1248 1450 illa
1266 1403 1349 1474 pro·
1474 1409 1480 1422 ¹

550 1495 749 1592 prietatum
784 1493 910 1567 subtili
943 1494 1092 1567 omnino
1127 1508 1239 1579 caret,
1273 1519 1350 1581 om,-

549 1611 660 1707 nique
693 1610 865 1684 horrifica
897 1611 1035 1706 specie.
1073 1609 1349 1684 Germanorum

550 1727 685 1800 doctae
714 1726 900 1822 skepseos
929 1728 1015 1799 viva
1042 1743 1102 1799 est
1124 1726 1250 1822 imago
1271 1725 1350 1798 Me·
1438 1705 1451 1765 ἶ·

550 1842 827 1940 phistopheles:
856 1869 926 1917 nec
954 1844 1085 1917 mirum
1114 1844 1150 1916 in
1178 1842 1352 1916 universa

551 1960 737 2033 teutonica
760 1959 961 2046 literatura,
992 1985 1101 2056 quae,
1123 1985 1198 2056 qua
1216 1957 1350 2033 saltem

552 2101 703 2150 scenam
733 2076 894 2172 respicit,
924 2075 1188 2151 elisabethaeis
1208 2076 1353 2148 drama-

551 2192 632 2266 ticis
661 2209 784 2267 ortum
813 2220 921 2267 suum
951 2193 1088 2267 reserat
1114 2208 1268 2289 oportet
1294 2217 1353 2265 ae-

551 2323 712 2404 ceptum,
748 2307 885 2381 nullam
918 2308 1118 2405 spiritualis
1152 2307 1231 2381 sive
1264 2305 1350 2380 boni

551 2426 630 2498 sive
650 2423 735 2497 mali
755 2424 922 2520 analysin
938 2441 1086 2498 exstare
1106 2422 1351 2496 subtiliorem.

552 2539 639 2636 Ipse
676 2539 838 2625 Goethe,
869 2540 982 2613 homo
1015 2540 1046 2612 si
1075 2540 1160 2636 quis
1191 2564 1351 2636 usquam

552 2654 629 2741 fuit,
660 2670 699 2727 et
718 2681 808 2728 suus
828 2672 867 2728 et
886 2656 1037 2751 ingenio
1056 2655 1351 2751 copiosissimus,

551 2770 784 2845 adhaerebat
816 2770 952 2844 arctius
988 2770 1126 2843 irrisori
1160 2768 1351 2853 Marlovo;

552 2902 590 2960 et
618 2886 715 2959 adeo
745 2902 805 2959 est
832 2886 975 2960 alienus
1004 2911 1026 2958 a
1054 2885 1266 2959 vehementi
1284 2883 1353 2957 'illo

551 3001 892 3098 venerabundoque
912 3001 1049 3087 studio,
1072 3027 1148 3098 quo
1168 3000 1354 3097 flagrabat

551 3118 695 3191 animus
724 3115 912 3214 Aeschyli,
936 3116 1103 3189 Miltonis
1132 3132 1172 3190 et
1201 3116 1352 3202 DantiS,
