3100 4400
326 778 361 819 De
377 778 427 820 Deo
437 777 509 830 lapso.

552 521 632 562 XXXI
861 521 938 562 PARS
954 520 1047 562 PRIOR

552 746 650 819 cedit
664 744 793 819 lectori
815 745 962 819 Dantes
982 762 1038 819 et:
1060 746 1202 831 «Ecce,
1221 746 1349 844 inquit,

551 861 753 935 inferorum
782 888 848 934 rex
867 889 904 934 u.

605 1092 820 1177 Pausanias,
852 1092 914 1189 qui
943 1092 1110 1166 secundo
1139 1109 1227 1189 post
1247 1092 1351 1165 Chri-

550 1224 649 1281 stum
665 1224 793 1287 natum
810 1206 959 1280 saeculo
975 1207 1077 1292 vixit,
1095 1208 1131 1279 in
1151 1233 1220 1281 sua
1236 1207 1351 1282 Grae-

551 1324 629 1397 ciae
659 1323 935 1418 Descriptione,
966 1322 1071 1396 cuius
1099 1324 1269 1397 notitiam
1288 1324 1351 1397 ha·

550 1440 678 1512 buisse
715 1438 864 1511 videtur
907 1438 1066 1525 Dantes,
1107 1438 1217 1511 tertio
1255 1439 1350 1512 libro

549 1570 720 1628 accurate
735 1571 907 1628 recenset
920 1554 1014 1649 deos
1029 1555 1349 1652 caerimoniasque

549 1687 717 1744 veterum
733 1669 974 1742 Achaiorum.
992 1669 1078 1742 Hos
1094 1695 1240 1743 sacrum
1260 1696 1350 1768 quo-

549 1786 636 1859 dam
666 1786 702 1857 in
724 1784 807 1859 loco
836 1784 957 1859 lacere
985 1784 1109 1869 relert,
1131 1785 1202 1858 ritu
1237 1811 1349 1882 quem

549 1902 672 1974 dicere
701 1899 756 1973 sas
786 1925 861 1973 non
891 1901 949 1973 sit.
980 1899 1067 1973 Alio
1096 1899 1133 1971 in
1160 1900 1243 1973 loco
1263 1900 1350 1973 ima·

548 2017 656 2114 gines
684 2015 777 2087 vidit
805 2017 995 2110 graiorum
1028 2015 1220 2088 numinum
1256 2015 1347 2088 anti-

550 2133 760 2230 quissimas
792 2148 834 2205 ut
861 2132 1029 2228 putabat,
1052 2132 1235 2205 omnium:
1257 2131 1349 2206 haec

549 2242 645 2322 inter
673 2248 781 2344 signa
809 2274 923 2322 unum
952 2264 1032 2322 erat
1062 2247 1162 2321 Iovis
1189 2248 1347 2345 Trioph-

549 2364 687 2450 thalmi,
718 2364 875 2438 alterum
895 2364 1113 2443 Artemidos
1142 2364 1346 2461 Tricipitis:

550 2481 697 2553 Dantes
727 2496 853 2553 autem
881 2482 1122 2578 triprosopon
1142 2480 1258 2554 habet
1277 2481 1348 2552 Lu-

548 2596 712 2669 ciferum.

602 2711 821 2784 Notandum
850 2710 908 2783 hic
938 2710 1040 2806 quod
1070 2710 1157 2783 nulli
1186 2709 1346 2783 sortasse

548 2827 651 2923 prius
666 2827 977 2912 animadversum,
995 2826 1161 2900 Dantem
1176 2826 1349 2899 videlicet

547 2943 697 3016 minime
725 2942 842 3015 latere
870 2942 1028 3038 patriam
1049 2968 1155 3014 suam
1181 2941 1346 3039 linguam

548 3057 721 3131 incultam
758 3083 913 3154 prorsus
948 3083 1034 3131 esse
1072 3073 1111 3130 et
1142 3073 1344 3154 agrestem.

547 3172 701 3246 Sciebat
729 3172 788 3245 ille
812 3173 975 3271 quidem,
1006 3189 1047 3246 ut
1075 3198 1186 3247 nemo
1215 3172 1347 3246 melius
