3100 4400
539 470 584 513 XV
848 470 925 515 PARS
940 470 1036 514 PRIOR

539 695 753 772 hominibus
781 696 945 794 serisque
974 695 1262 770 formidandum.
1293 698 1343 772 Et

540 838 700 911 magnus
730 811 789 886 ille
818 827 858 886 et
884 811 1072 909 benignus
1101 811 1263 908 Spiritus
1287 839 1342 887 re-

539 931 655 1028 pebat
682 955 750 1028 per
776 944 912 1026 gentes
934 953 1079 1016 omnes,
1100 928 1212 1025 eique
1231 929 1343 1004 male-

539 1046 688 1120 dicebat
715 1060 755 1120 et
779 1044 1058 1142 obloquebatur
1075 1045 1197 1118 omnis
1216 1044 1343 1142 lingua

539 1161 808 1260 praetereunti:
825 1161 1214 1234 intemoscebatenim
1229 1186 1341 1235 nemo

540 1279 686 1351 Bonum
706 1293 745 1351 et
765 1274 919 1363 Malum,
945 1275 1016 1350 etsi
1036 1275 1187 1350 nomina
1211 1302 1343 1350 eorum

538 1393 587 1468 ad
598 1390 797 1465 ludibrium
808 1391 1027 1487 pendebant
1036 1417 1150 1488 supra
1160 1392 1342 1488 templum

537 1508 637 1594 illud,
650 1508 750 1582 unde
765 1507 946 1581 innumeri
957 1507 1121 1605 gemitus
1133 1506 1341 1581 Dominum

538 1640 577 1698 et
605 1625 753 1721 Regem
787 1639 826 1697 et
858 1623 984 1697 Deum
1016 1647 1102 1697 esse
1135 1622 1341 1720 proclama-

538 1740 630 1814 bant
657 1740 720 1836 qui
748 1740 946 1814 vicerat».

593 1854 923 1948 Quemadmodum
952 1853 1104 1951 Shelley
1128 1854 1342 1928 Luciferum

539 1970 635 2044 hunc
650 1971 698 2044 de
710 1970 879 2044 Miltonis
889 1970 1030 2044 Satana
1045 1970 1202 2044 deduxit
1215 1969 1341 2067 paullo

539 2086 573 2159 in
610 2085 828 2159 diviniorem
866 2085 1030 2183 speciem
1066 2100 1267 2172 mutatum;
1301 2101 1342 2159 et

538 2203 634 2277 sicut
665 2202 760 2276 deos
792 2201 983 2300 furiasque
1014 2228 1037 2277 e
1069 2203 1248 2276 thesauro
1279 2228 1341 2276 ae-

538 2317 689 2416 schyleo
718 2319 796 2393 fere
824 2319 994 2417 integros
1021 2317 1161 2404 hausit;
1187 2319 1240 2393 sie
1258 2318 1341 2416 ipse

538 2434 748 2533 Aeschylus
779 2435 951 2510 Homero
979 2434 1074 2508 deos
1098 2460 1188 2508 suos
1206 2460 1340 2509 omnes

537 2549 732 2636 coelestes,
766 2566 975 2637 terrestres,
998 2550 1136 2624 inferos
1162 2566 1339 2648 acceptos

536 2665 660 2740 refert.
678 2665 728 2739 Et
744 2665 896 2741 tametsi
916 2665 952 2740 in
971 2664 1087 2740 Iliade
1101 2679 1142 2739 et
1160 2664 1341 2762 Odyssei-

537 2781 585 2855 de
600 2780 831 2877 aliquantum
846 2780 995 2855 suerunt
1014 2780 1173 2855 Homeri
1187 2780 1339 2879 ingenio

536 2897 585 2970 ab
602 2896 882 2971 inconcinnitate
898 2896 1126 2994 primordiali
1140 2896 1337 2993 redempti,

537 3037 657 3108 usque
694 3027 821 3086 tamen
859 3012 1073 3099 crassiores,
1107 3012 1338 3110 agrestiores

538 3127 750 3202 exstabant.
780 3126 876 3201 Sunt
902 3128 1001 3201 enim
1029 3153 1103 3201 non
1132 3127 1254 3201 solum
1276 3152 1339 3201 an-
