3100 4400
524 488 615 530 XXXII
830 489 907 530 PARS
922 488 1016 530 PRIOR

523 713 636 787 talem
665 740 751 790 esse
771 714 950 811 populum
971 713 1120 812 qualem
1139 715 1321 811 linguam:

525 846 756 926 quapropter
770 828 978 926 Vergilium
1007 831 1227 927 magistrum
1253 830 1323 903 sibi

524 942 625 1041 legit,
657 945 760 1018 cuius
796 970 931 1041 nempe
967 971 1061 1041 epos
1092 944 1220 1019 Italiae
1250 970 1324 1018 ma-

525 1058 720 1158 iorumque
750 1086 902 1134 suorum
930 1061 1088 1158 gloriam
1112 1062 1322 1157 praedicat;

524 1173 669 1272 vulgari
694 1192 820 1249 tamen
840 1202 1014 1250 sermone
1033 1177 1198 1250 divinam
1218 1202 1324 1250 suam

525 1316 752 1386 componere
790 1292 922 1365 statuit
956 1293 1201 1377 comoediam,
1241 1317 1325 1366 con-

525 1406 623 1479 scius
641 1406 780 1481 scilicet
799 1424 837 1482 et
855 1409 1047 1504 antiquam
1066 1407 1231 1505 linguam
1245 1409 1323 1505 jam

525 1522 588 1595 diu
608 1521 887 1609 obsolefactam,
906 1541 945 1597 et
963 1524 1049 1598 novi
1066 1524 1247 1621 temporis
1261 1523 1325 1596 ho-

525 1637 613 1710 mini
641 1663 738 1734 opus
766 1664 853 1712 esse
881 1656 923 1712 ut
941 1665 1039 1713 nova
1058 1640 1184 1736 lingua
1210 1639 1324 1712 latina

524 1752 731 1850 eloquatur.
763 1754 863 1827 Hinc
890 1780 965 1828 vox
993 1754 1052 1828 illa
1074 1771 1212 1851 poetae
1233 1754 1322 1827 dum

526 1870 562 1941 in
603 1896 650 1944 eo
692 1886 751 1944 est
792 1886 834 1944 ut
870 1871 1058 1945 civitatem
1094 1869 1325 1967 ingrediatur

527 1983 673 2081 Cocyti:

604 2194 629 2237 Si
644 2194 700 2238 mihi
713 2195 746 2238 sic
760 2209 853 2249 asprum
867 2209 1005 2248 raucumque
1018 2194 1153 2239 sonantibus
1171 2195 1205 2238 uti

605 2268 651 2308 Fas
664 2272 724 2310 esset
739 2268 840 2310 numeris
853 2268 939 2322 [latinis
955 2268 1050 2321 scilicet]

606 2368 769 2382 ........
784 2351 845 2382 vena
858 2340 932 2391 magis
946 2340 1015 2382 ubere
1033 2351 1127 2381 succum

606 2410 759 2462 Esprimerem
773 2411 864 2454 mentis.

581 2573 696 2668 Quod
732 2601 802 2672 per
834 2591 1006 2673 tempora
1038 2602 1112 2650 non
1149 2574 1246 2660 licet,
1277 2592 1327 2649 et

526 2689 669 2788 vulgari
699 2717 873 2766 sermone
901 2692 1100 2777 utendum;
1132 2707 1258 2765 tamen

763 2885 813 2926 Nec
827 2895 899 2936 parva
912 2883 1003 2926 videtur

606 2956 712 3008 Dignave
725 2968 762 2998 res
775 2956 841 3006 risus,
856 2960 896 2997 aut
910 2956 1004 2997 uomina
1017 2955 1085 2997 balba
1098 2960 1218 3007 parentum

605 3027 725 3079 Fingentis
735 3025 835 3078 linguae,
845 3025 952 3078 medium,
963 3027 987 3068 in
1002 3026 1063 3078 quod
1072 3026 1153 3068 nititur
1162 3039 1238 3077 omne,

607 3098 743 3150 Designare.

954 3177 1007 3229 (Ins.
1022 3179 1122 3231 XXXll,
1141 3180 1200 3230 1-9).
