3100 4400
542 500 611 544 XXV
856 499 934 540 PARS
949 498 1044 540 PRIOR

543 751 656 798 eausa
681 749 756 798 uno
781 723 927 811 circulo,
950 724 1116 797 omnium
1144 724 1232 810 imo,
1255 723 1346 796 Tar-

543 855 664 914 tarum
692 838 908 937 ampliabit!

597 957 639 1028 In
676 956 841 1029 infimam
876 955 1028 1029 demum
1064 957 1243 1054 abyssum
1280 955 1345 1028 de-

468 1167 469 1170 *
542 1071 687 1145 scendit
718 1086 839 1146 vates.
873 1071 1019 1145 Eadem
1056 1071 1105 1144 illi
1143 1097 1248 1145 mens
1286 1085 1346 1144 est

540 1202 655 1284 atque
671 1184 861 1282 Aeschylo
881 1202 920 1261 et
935 1185 1083 1259 Miltoni
1099 1202 1138 1260 et
1153 1185 1341 1282 Shelleyo,

540 1327 664 1375 rerum
688 1316 815 1375 tamen
835 1301 930 1374 ordo
950 1326 1166 1374 conversus.
1188 1302 1231 1374 In
1250 1301 1343 1374 Tar-

539 1432 621 1491 taro
649 1416 789 1489 danteo
818 1416 867 1488 dii
897 1415 1002 1488 inseri
1030 1416 1124 1513 graii
1157 1433 1272 1515 atque
1291 1416 1342 1490 la·

539 1532 604 1604 tini
626 1557 734 1604 suum
749 1531 892 1604 habent
906 1532 1066 1628 quisque
1083 1533 1153 1605 sibi
1168 1558 1339 1629 regnum,

540 1647 708 1720 Manium
741 1672 878 1743 nempe
915 1646 1100 1734 circulum,
1137 1648 1276 1721 Minos¹
1304 1664 1345 1722 et

540 1761 646 1835 Pluto
666 1777 705 1835 et
725 1762 858 1836 Furiae
878 1778 918 1837 et
937 1763 1173 1837 Minotauros
1188 1780 1227 1837 et
1243 1763 1341 1838 Har-

539 1877 659 1974 pyiae.
699 1877 844 1952 Ordine
881 1879 1051 1975 sequitur
1087 1894 1242 1953 octavus
1276 1880 1343 1952 cir-

540 1992 654 2078 culus
686 1993 955 2068 Malebrancha
987 1993 1223 2090 appellatus:
1258 1995 1344 2068 huic

540 2109 603 2205 qui
636 2109 852 2205 praesideat
885 2135 996 2184 nemo
1028 2125 1148 2185 restat
1184 2111 1342 2184 deorum

539 2225 777 2310 infernorum,
808 2251 877 2299 nec
905 2240 965 2300 est
992 2226 1088 2300 inter
1115 2252 1194 2313 eos,
1219 2228 1340 2301 iudice

540 2339 678 2427 Dante,
710 2341 848 2438 dignus
882 2342 1093 2440 quisquam,
1125 2343 1188 2439 qui
1217 2344 1339 2417 coetui

538 2454 689 2529 infando
710 2456 909 2552 imperitet.
931 2457 1152 2554 Priusquam
1175 2458 1341 2534 viatores

434 2657 438 2664 Ι
538 2570 586 2644 de
603 2570 740 2644 circulo
766 2597 867 2645 nono
889 2572 1163 2657 descenderint,
1190 2574 1342 2648 obviam
1377 2670 1380 2673 q

538 2686 632 2759 fiunt
650 2688 826 2784 gigantes
851 2687 886 2759 N
891 2688 1010 2763 imrod
1030 2704 1070 2762 et
1088 2689 1283 2785 Ephialtes
1303 2705 1342 2764 et

537 2801 721 2887 Antaeus
760 2802 938 2876 Titanum
979 2802 1118 2877 similes
1153 2804 1336 2892 homines

538 2916 601 3012 qui
640 2918 809 2992 obscuris
846 2918 1085 2992 historiarum
1125 2919 1338 3015 primordiis

537 3031 720 3106 vixerunt.
749 3031 879 3105 Hicin
899 3058 1014 3130 opere
1034 3034 1261 3130 conspicitur
1277 3060 1340 3109 va-

538 3147 585 3219 tis
619 3148 810 3244 ingenium
848 3149 1141 3248 imaginativum.
1178 3149 1338 3223 Nimrod
