3100 4400
324 739 360 780 De
374 739 425 781 Deo
439 737 513 790 lapso.

552 482 585 524 111
859 481 937 523 PARS
951 481 1046 523 PRIOR

551 721 590 780 et
619 707 768 780 Hevam
796 707 855 780 hic
883 724 943 780 est
970 707 1034 804 qui
1063 706 1178 782 illexit
1205 725 1247 782 ut
1268 735 1356 806 pec-

550 837 697 908 carent;
727 823 791 920 qui
820 821 938 896 Caino
971 823 1090 897 suasit
1122 823 1273 898 fratrem
1310 842 1353 899 ut

550 938 789 1024 interficeret;
807 939 870 1036 qui
887 938 1104 1012 lscariotam
1125 938 1351 1014 ludaeorum

549 1054 738 1151 argenteis
767 1054 980 1127 ludificavit.

603 1284 742 1358 Fuerat
769 1284 804 1356 in
834 1282 939 1356 coelo
966 1281 1225 1380 archangelus,
1251 1284 1348 1358 inter

550 1400 624 1475 Dei
665 1401 813 1496 equites
856 1415 1084 1485 numeratus,
1128 1398 1349 1473 formosissi-

548 1543 631 1590 mus
674 1515 732 1590 ille
769 1532 859 1612 post
896 1514 1101 1589 Dominum
1144 1515 1346 1589 Nostrum:

548 1633 616 1706 sed
644 1632 914 1729 gloriabundus
942 1631 1166 1729 obsequium
1194 1632 1346 1729 sprevit,

548 1765 586 1822 et
614 1747 722 1822 simul
750 1774 834 1821 curn
863 1747 973 1820 sociis
997 1773 1151 1843 pessum
1175 1747 1232 1820 iit:
1263 1747 1348 1822 inde

548 1864 583 1936 in
603 1865 802 1937 daemonia
821 1863 964 1949 mutati,
982 1863 1095 1936 citato
1113 1863 1234 1961 gradu
1253 1863 1349 1936 clau-

547 1979 725 2066 dicantes
748 1979 784 2052 in
803 1979 1002 2052 Tartarum
1030 1993 1156 2064 ruunt;
1187 2004 1348 2075 quoium

547 2111 672 2168 tamen
708 2120 797 2192 pars
831 2119 930 2180 aera,
967 2119 1054 2191 pars
1090 2110 1220 2180 terras,
1258 2119 1348 2191 pars

548 2212 688 2286 Orcum
723 2228 924 2307 occupant;
958 2209 1080 2285 locum
1115 2227 1242 2285 autem
1270 2236 1348 2283 om-

547 2329 647 2401 nium
677 2328 842 2401 infimum
871 2343 976 2401 tenet
1009 2326 1166 2400 Lucifer.

600 2444 687 2526 Non
714 2452 840 2517 tamen
858 2442 917 2515 hic
937 2443 1084 2516 Lucifer
1102 2467 1185 2516 curn
1204 2440 1347 2515 Satana

545 2559 721 2633 coalescit
740 2560 775 2631 in
795 2585 919 2645 unum,
937 2560 1007 2631 etsi
1023 2585 1092 2655 per
1105 2556 1230 2631 omnia
1248 2557 1346 2631 inter

545 2701 631 2750 sese
647 2674 756 2772 plane
772 2674 1022 2749 consentiunt:
1045 2674 1157 2746 immo
1173 2671 1231 2746 vel
1246 2671 1345 2745 blan-

545 2791 645 2865 ditur
656 2791 816 2865 Satanas
833 2790 1002 2863 Lucifero
1019 2792 1066 2863 de
1082 2788 1245 2862 sollertia
1256 2812 1341 2885 qua,

544 2924 657 2981 exuta
666 2906 860 2981 daemonis
870 2906 1007 3002 specie,
1019 2907 1170 3002 viperae
1186 2905 1343 2979 sormam

544 3024 732 3110 mentitus,
747 3023 898 3097 Hevam
917 3020 1032 3095 illexit
1048 3039 1089 3095 ut
1104 3021 1344 3094 fructus-ede·

545 3154 602 3213 ret
630 3139 856 3236 prohibitos:
878 3137 1016 3212 astutia
1034 3137 1132 3212 enim
1152 3134 1344 3233 praecellit
