3100 4400
366 751 456 793 Ludstr

398 834 422 865 ιιι

311 894 407 937 Dantels
421 893 508 937 Inferis.

542 491 657 535 XXXVII
823 491 899 532 PARS
914 489 1064 532 SECUNDA

597 718 718 793 Probe
746 718 937 793 enimvero
964 718 1034 791 scit
1051 716 1262 814 Aeschylus
1281 717 1347 789 im-

543 834 642 908 mani
672 833 721 907 illi
751 859 903 907 suorum
932 832 1186 931 mythologiae
1208 833 1345 907 deesse

543 949 699 1046 aliquid:
732 949 796 1022 Dii
833 950 1093 1024 moderatores
1130 973 1254 1021 rerum
1281 946 1347 1022 hu-

544 1090 738 1138 manarum
766 1064 827 1138 alii
855 1080 942 1138 sunt
979 1090 1022 1138 ac
1059 1062 1146 1138 olim
1183 1064 1343 1137 suerunt.

546 1180 699 1274 Quanto
728 1181 845 1253 satius
871 1180 1037 1253 divinum
1056 1179 1156 1253 illum
1176 1179 1345 1253 Aethera

544 1312 584 1369 et
615 1295 711 1369 risus
750 1295 893 1369 Oceani
932 1296 1146 1369 innumeros
1184 1311 1346 1369 contem-

545 1411 655 1508 plari;
685 1411 870 1498 invocare,
901 1410 1024 1485 colere
1052 1410 1239 1485 Tellurem
1268 1436 1345 1484 om-

546 1528 646 1601 nium
674 1544 833 1601 matrem
866 1528 1023 1600 deorum
1059 1525 1345 1624 hominumque;

546 1658 714 1740 praestat
741 1644 791 1717 ad
821 1644 972 1716 numina
999 1643 1134 1717 reverti
1166 1644 1347 1739 temporis

547 1757 814 1854 praehomerici
830 1784 943 1855 quam
959 1783 1078 1832 novos
1094 1758 1163 1831 hos
1183 1758 1277 1832 deos
1292 1774 1346 1832 to·

547 1873 676 1947 letare.
708 1873 836 1967 Quare
865 1873 1009 1947 satius?
1038 1874 1138 1947 Toto
1167 1874 1238 1948 hoc
1267 1874 1348 1947 dra·

547 2005 647 2062 mate
676 1989 883 2085 respondet
909 1990 1139 2087 Aeschylus:
1177 1991 1349 2064 Praestat

548 2105 725 2179 caedibus
754 2106 894 2178 Amor:
923 2106 1025 2180 militi
1046 2121 1215 2204 praestat
1233 2105 1348 2179 homi-

548 2248 636 2295 num
665 2222 818 2296 amicus

604 2569 688 2642 Hac
716 2568 752 2641 in
782 2594 822 2642 re
851 2567 1040 2665 praecellit
1063 2594 1195 2642 omnes
1214 2585 1348 2665 poetas

548 2685 723 2781 antiquos
738 2683 960 2781 Aeschylus,
982 2685 1085 2781 quod
1105 2699 1230 2758 mente
1250 2711 1348 2761 com-

549 2799 783 2897 plectebatur
806 2800 998 2887 Amorem,
1021 2802 1084 2897 qui
1103 2801 1253 2874 labores
1273 2828 1349 2875 om-

550 2942 617 2989 nes
632 2931 672 2988 et
685 2915 868 2989 cruciatus
884 2916 1046 3012 patiatur
1056 2915 1211 2990 aliorum
1222 2943 1346 3006 causa,

550 3048 589 3105 et
603 3032 706 3129 quod
720 3032 829 3105 huius
841 3032 993 3105 Amoris
1009 3033 1209 3130 imaginem
1224 3033 1348 3107 vivam

551 3148 748 3244 expressit.
770 3147 848 3221 Sed
868 3174 915 3221 ex
933 3147 1051 3222 altera
1069 3165 1175 3245 parte
1195 3173 1349 3224 mancus
