3100 4400
383 772 474 815 Lucifer

416 843 440 887 iu

327 914 423 957 oannis
438 913 526 958 Inferis.

844 518 921 560 PARS
936 516 1087 560 SECUNDA

642 814 648 827 .
665 814 670 826 .
687 814 693 825 .
710 814 715 825 .
730 782 809 826 Veluti
823 794 875 824 cum
890 782 962 834 spirat
974 781 1068 834 pinguis
1080 793 1167 834 opacae

641 854 723 907 caligo
737 854 842 903 nebulae,
857 859 898 895 aut
912 853 996 895 nostris
1010 866 1058 895 nox
1071 853 1165 895 incubat
1182 853 1257 904 agris:

640 927 708 969 Tunc
722 938 735 967 e
749 925 877 977 longinquo
891 936 942 965 sum
955 924 1019 966 visus
1032 936 1126 966 cernere
1139 924 1229 973 molem,

642 998 698 1041 Orbi
713 998 804 1050 pistrini
817 997 922 1048 similem,
937 1010 1006 1049 quem
1020 996 1112 1039 flamine
1125 1002 1208 1039 ventus

641 1070 716 1114 Vertit
730 1082 802 1121 agens
816 1068 910 1111 circum.

614 1208 665 1282 Et
692 1207 818 1282 statim
842 1206 1071 1280 convertitur
1089 1232 1201 1280 scena
1219 1222 1259 1279 et
1277 1232 1364 1279 eon-

561 1325 715 1423 spicitur
744 1322 901 1408 Lucifer,
932 1348 1007 1419 qua
1034 1336 1095 1395 est
1118 1322 1210 1395 facie
1231 1322 1361 1395 forma·

561 1466 635 1537 que
650 1438 861 1513 horrendus
878 1437 1020 1536 (confer
1033 1464 1165 1511 versus
1180 1461 1299 1510 xxvm
1313 1438 1363 1511 ad

560 1556 676 1654 Lxur).
698 1553 855 1639 Vexilla,
873 1579 971 1651 quae
991 1553 1179 1650 Vergilius
1200 1553 1364 1651 appella-

559 1686 676 1756 verat,
695 1670 850 1766 propius
866 1686 1069 1766 conspecta
1086 1669 1258 1765 ingentes
1275 1684 1365 1741 sunt

562 1784 720 1859 Luciferi
748 1784 830 1858 alae
849 1784 1173 1880 vespertilioneae,
1196 1809 1294 1880 quae
1312 1782 1364 1856 al-

561 1902 674 1976 ternis
720 1900 867 1975 levatae
913 1900 972 1973 vel
1019 1899 1207 1974 demissae
1248 1899 1363 1973 citato

559 2017 681 2114 gradu
693 2017 1030 2113 propinquantibus
1046 2015 1169 2113 poetis
1184 2015 1362 2112 progredi

560 2132 797 2206 videbantur.

614 2248 725 2321 Vano
753 2247 882 2320 labore
911 2248 1035 2322 conati
1064 2264 1152 2322 sunt
1176 2272 1363 2321 commen-

560 2378 702 2436 tatores
731 2388 863 2436 omnes
892 2362 1002 2435 trium
1023 2362 1167 2436 illarum
1187 2362 1362 2437 facierum

560 2478 871 2574 significationem
883 2503 1025 2552 eruere.
1036 2479 1177 2552 Eorum
1192 2480 1279 2565 duo,
1296 2480 1362 2575 qui

559 2592 707 2667 Ottimo
735 2609 774 2666 et
803 2593 1022 2667 Benvenuto
1050 2595 1218 2681 audiunt,
1243 2595 1364 2692 inquit

561 2709 803 2807 Longsellow‚
817 2710 928 2783 facies
949 2711 1238 2806 interpretantur
1253 2711 1363 2808 Igno-

559 2826 728 2910 rantiam,
753 2825 946 2911 Invidiam,
966 2826 1244 2923 impotentiam.
1265 2826 1364 2900 Sunt

559 2941 694 3038 quibus
723 2941 794 3014 hae
814 2940 927 3013 iacies
956 2956 1033 3015 tres
1053 2942 1155 3014 orbis
1179 2957 1362 3016 terrarum

558 3071 685 3151 partes
724 3072 810 3128 tunc
849 3056 1030 3152 temporis
1068 3072 1177 3130 notas
1215 3082 1363 3154 reprae-

558 3185 718 3257 sentant,
760 3171 963 3267 Europam,
1001 3172 1144 3259 Asiam,
1180 3172 1359 3246 Africam.
