3100 4400
580 447 659 489 XXVI
889 447 968 489 PARS
983 446 1079 489 PRIOR

581 669 757 766 egregius
786 668 855 742 suit
881 685 1057 755 venator;
1078 669 1260 766 originem
1281 670 1383 744 ducit

580 785 659 857 sive
687 810 709 859 e
738 785 852 857 rebus
881 785 1001 881 gestis
1030 785 1110 857 sive
1137 810 1185 858 ex
1211 785 1382 859 Hebrae-

579 926 685 973 orum
714 899 943 995 phantasiis:
982 925 1127 995 poenas
1164 900 1231 975 luit
1267 902 1381 974 babe-

577 1015 671 1089 licae
699 1015 809 1088 turris
836 1015 1093 1089 aedificandae
1126 1031 1165 1089 et
1196 1017 1381 1091 dissiden-

483 1132 484 1135 ’
579 1132 670 1205 tium
688 1131 897 1229 linguarum
917 1147 1120 1229 antequam
1145 1132 1381 1206 continentes

578 1247 680 1320 orbis
709 1261 830 1319 terrae
852 1246 1161 1320 discinderentur.
1182 1247 1378 1343 Ephialtes

578 1360 674 1434 filius
702 1376 825 1436 terrae
853 1361 920 1435 suit
952 1363 1053 1457 apud
1092 1360 1285 1436 Hellenas
1326 1362 1378 1434 Hi

577 1478 752 1575 gigantes
781 1504 864 1550 cum
895 1478 1047 1552 Briareo
1074 1480 1111 1551 in
1131 1479 1223 1575 ipsis
1242 1480 1379 1554 finibus

577 1608 680 1666 stant
698 1593 787 1667 noni
806 1592 928 1667 circuli
947 1608 987 1666 et
1000 1594 1149 1668 decimi:
1171 1611 1259 1669 sunt
1277 1598 1379 1692 apud

577 1708 715 1782 inferos
743 1708 846 1781 velut
873 1710 1019 1782 termini
1048 1710 1145 1783 inter
1170 1711 1315 1785 ‹rheta
1340 1727 1379 1786 et

577 1823 757 1897 arrheta»
780 1824 892 1897 fanda
911 1840 950 1898 et
968 1824 1129 1911 infanda,
1147 1825 1249 1899 haud
1268 1853 1379 1900 secus

578 1964 621 2012 ac
644 1955 822 2035 separant
841 1939 1018 2035 scriptam
1040 1939 1234 2014 historiam
1254 1942 1302 2014 ab
1324 1943 1377 2014 in-

578 2055 778 2151 descripta.

631 2401 712 2475 Nec
741 2416 867 2474 tamen
895 2400 1016 2474 adhuc
1054 2403 1128 2476 ima
1164 2403 1375 2501 attigimus:

575 2517 751 2591 adeunda
779 2532 840 2591 est
870 2517 1031 2614 abyssus
1064 2517 1138 2591 ima
1167 2535 1206 2592 et
1232 2518 1373 2605 ultima,

583 2661 601 2704 c
630 2658 727 2730 quae
756 2633 887 2705 ludam
916 2649 1031 2730 atque
1069 2633 1280 2708 Luciferum
1312 2661 1376 2709 vo-

576 2749 671 2821 ravit
689 2775 726 2833 »;
747 2772 822 2844 qua
841 2748 877 2820 in
898 2749 1053 2846 regione
1069 2750 1234 2822 omnium
1249 2749 1376 2823 infima

575 2864 675 2937 unde
704 2865 817 2937 ducet
845 2890 968 2937 rerum
996 2864 1181 2962 imagines
1211 2864 1375 2939 Noster?

576 3005 651 3076 qua
680 2981 716 3052 in
744 2981 900 3053 materia
931 2981 1148 3076 operabitur
1178 2981 1376 3078 transfigu-

575 3120 661 3169 rans
690 3110 729 3169 et
756 3095 1025 3193 demiurgicum
1053 3095 1134 3170 eius
1161 3095 1374 3194 ingenium?
